1653 2689
224 224 411 253 Cameracen.
439 223 475 254 76
498 224 565 261 (75).
590 226 629 254 D.
650 240 686 246 --
707 225 795 262 Trop.
820 235 874 253 ms.
900 225 1154 256 Heidenhemanse
1180 218 1539 262 Nmu.'iff‘t„,ttsy=-
1563 212 1614 260 v>¹¹s'

223 263 315 338 giegzr
328 263 417 331 {ghi-3„
433 273 522 300 supra
547 263 593 292 27.
614 265 650 293 Ε.
676 279 707 284 —
731 262 748 291 2
775 265 919 300 pascham
946 264 982 293 Β.
1003 279 1036 283 --
1065 265 1141 293 Vere
1160 262 1237 294 4-6
1262 264 1362 319 fehlen
1396 287 1401 290 .
1425 272 1434 291 ⁵
1454 272 1467 291 ἱ»
1527 274 1622 333 ..ἓξ
1652 311 1653 314 ¹

675 435 744 465 5210.
775 435 814 465 In
835 435 946 466 sancti
968 434 1081 466 Pauli.

339 535 369 567 1.
396 535 479 572 Quos
506 534 623 566 virtute
649 534 704 572 tui,
733 536 787 565 rex
815 535 904 571 caeli,
932 535 1165 576 condecorasti,

451 580 518 613 Eia,
541 579 621 607 Mihi
641 581 739 607 autem
760 580 851 608 mimis
871 579 1014 609 honorati
1034 583 1107 608 sunt
1133 580 1225 609 amici
1245 579 1301 614 tui,
1323 577 1422 615 Deus,

334 622 365 654 2.
392 620 446 661 Et,
473 621 548 660 quia
573 626 604 652 te
631 621 731 652 solum
758 621 925 652 coluerunt
950 624 1055 652 mente
1082 620 1182 662 fideli,

451 665 543 694 nimis
565 667 755 702 confortatus
777 668 819 694 est
835 666 1036 703 principatus
1056 674 1168 695 eorum.

299 761 388 798 Trop.
416 770 470 789 ωε.
497 761 703 789 Wintoniense
733 770 807 789 saec.
837 760 880 789 10.
907 771 950 790 ex.
993 762 1064 790 Cod.
1085 763 1229 790 Oxonien.
1249 761 1336 789 Bodl.
1357 760 1423 789 775.
1443 762 1478 790 A.
1500 777 1539 782 —

223 799 311 836 Trop.
328 809 381 828 ms.
396 800 601 828 Wintoniense
615 810 691 828 saec.
710 798 752 826 11.
787 800 857 827 Cod.
874 800 947 828 Coll.
962 800 1047 836 Corp.
1064 800 1174 827 Christi
1189 801 1410 836 Cantabrigien.
1424 798 1490 829 473.
1504 800 1538 828 Β.

584 970 652 1000 591.
686 970 723 999 Ιῐι
745 978 790 1000 ss.
814 970 964 1008 Philippi
985 970 1020 999 et
1041 969 1170 1000 Iacobi.

335 1079 366 1111 1.
394 1077 529 1114 Christe,
558 1076 628 1108 fave
654 1077 755 1113 nobis,
784 1077 872 1108 cuius
899 1075 1056 1108 confessio
1083 1077 1180 1108 caelis

396 1125 517 1164 Iugiter
542 1126 659 1156 insistit
687 1124 792 1155 David
820 1125 946 1156 dicente
972 1125 1149 1164 propheta:

453 1168 678 1205 Confitebuntw·
700 1169 773 1197 caeli
795 1169 946 1198 mirabilia
968 1172 1030 1204 tua,
1052 1169 1195 1204 Domine,
1216 1174 1270 1199 ete.

334 1214 364 1243 2.
392 1210 494 1242 Nosse
519 1214 641 1249 patrem
668 1210 797 1242 nimium
824 1212 955 1250 cupiens
981 1219 1016 1241 os
1042 1211 1202 1250 lampadis
1228 1211 1350 1250 inquit:

394 1257 459 1289 Fac
484 1267 541 1288 nos
566 1259 648 1289 scire
674 1262 809 1298 patrem!
838 1258 1028 1290 dominator.
1056 1259 1100 1290 At
1126 1259 1182 1290 ille
1208 1258 1397 1298 respondit:

454 1301 481 1329 Τ
480 1305 553 1330 auto
574 1306 700 1339 tempore
722 1302 869 1331 vobiscum.
890 1311 971 1336 sunm
991 1305 1017 1330 et
1037 1312 1099 1332 non
1121 1303 1303 1340 coynovistis
1324 1303 1392 1332 me?

299 1400 388 1435 Trop.
410 1408 461 1426 ms.
483 1400 629 1435 Augiense
651 1408 725 1427 saec.
751 1399 793 1426 lo.
835 1400 904 1427 Cod.
927 1400 1121 1435 Bambergen.
1140 1400 1186 1428 Ed
1208 1401 1234 1427 V
1254 1398 1286 1430 9.

643 1568 710 1599 592.
741 1569 779 1598 In
802 1561 912 1599 sancti
936 1569 1112 1607 Stephani.

334 1679 364 1711 1.
391 1677 526 1717 Agmine
553 1676 749 1708 credentium
776 1685 815 1708 ex
841 1677 926 1708 omni
953 1676 1033 1709 duce
1055 1676 1183 1710 flamine
1208 1683 1319 1711 sancto

452 1721 617 1759 E’quermzt
637 1720 770 1758 apostoli
791 1720 979 1758 Stephanum
999 1721 1117 1750 letitam

332 1765 365 1797 2.
391 1764 455 1796 Ter
480 1763 682 1802 geminosque
707 1762 801 1794 simul
827 1763 941 1802 socios,
968 1762 1082 1802 quibus
1108 1764 1193 1796 hunc
1219 1764 1287 1796 fore
1314 1765 1463 1807 primum,

448 1807 571 1844 plenum
590 1807 648 1844 fide
667 1810 693 1836 et
714 1807 825 1844 spim'tu
847 1811 960 1842 saneto,

334 1851 364 1883 3.
393 1849 594 1883 Constituere
620 1849 718 1888 dapes
745 1849 858 1880 mentis
885 1849 963 1880 dare
989 1849 1133 1889 corporis
1159 1859 1266 1892 escas3

451 1902 535 1929 quem
556 1893 765 1930 lapidaverunt
786 1893 896 1922 Iudaei
917 1897 1049 1922 orantem
1071 1897 1096 1922 et
1117 1893 1276 1925 dicentem:

449 1931 580 1960 Domine
601 1931 680 1966 Iesu,
702 1931 804 1968 accipe
823 1932 963 1968 spiritum
990 1940 1093 1960 meum.

333 1976 366 2008 4,
392 1975 547 2008 Saxorum
572 1982 686 2012 magno
712 1977 894 2011 premerent
921 1974 994 2004 dum
1020 1974 1163 2013 pondere
1191 1979 1347 2016 sanetum,

453 2017 590 2046 viderunt
609 2018 717 2054 faciem
738 2017 803 2046 eius
825 2020 977 2054 tamquam
999 2018 1107 2054 faeiem
1129 2020 1229 2056 mayeli
1248 2019 1326 2057 Dei3

331 2063 362 2095 5.
390 2061 484 2092 Inter
510 2058 687 2098 congeriem
713 2058 855 2098 lapidum
884 2059 1083 2090 venerandus
1110 2061 1215 2093 lesum

446 2103 559 2140 positis
566 2106 664 2132 autem
669 2103 793 2140 qenibus
802 2112 854 2131 ora
859 2103 922 2132 bat:
931 2103 1009 2132 Dom
1015 2104 1069 2138 ine,
1078 2114 1114 2133 ne
1121 2109 1240 2136 statuas
1246 2106 1308 2135 illis
1313 2107 1538 2145 hocpeecatum.

299 2204 387 2239 Trop.
415 2210 467 2230 ms.
493 2200 739 2237 Moguntinum(?)
765 2202 834 2227 anni
861 2199 1002 2229 955—62.
1043 2202 1115 2230 Cod.
1137 2203 1302 2231 Londinen.
1331 2204 1405 2232 Add.
1430 2205 1464 2234 19
1473 2205 1539 2236 768.

222 2243 257 2270 Α.
278 2257 314 2261 -
334 2242 424 2277 Trop.
445 2249 498 2267 ms.
519 2240 666 2276 Augieuse
687 2247 762 2266 eaeo.
786 2237 829 2266 10.
865 2240 936 2267 Cod.
958 2241 1150 2277 Bambergen.
1170 2241 1217 2269 Ed
1237 2241 1264 2267 V
1283 2239 1312 2268 9.
1335 2243 1370 2270 Β.
1389 2258 1426 2263 —
1447 2245 1539 2283 Trop.

222 2290 276 2309 ms.
290 2280 495 2310 Glastoniense
514 2278 538 2309 (2
553 2276 776 2312 Cantuariense)
795 2286 870 2304 saec.
894 2277 936 2305 11.
959 2287 1005 2306 ex.
1024 2278 1065 2313 (et
1088 2278 1143 2314 12.)
1174 2279 1246 2308 eod,
1262 2279 1426 2308 Londinen.
1441 2283 1538 2320 Calig-

221 2320 256 2348 A.
276 2320 356 2348 XIV.
377 2319 411 2346 C.
432 2332 470 2335 —
492 2316 505 2344 1
527 2316 700 2344 eredendum
723 2316 755 2343 C.
776 2330 813 2334 —
834 2314 852 2343 2
871 2317 958 2344 simul
980 2317 1069 2349 fehlt,
1099 2319 1208 2346 eberiso
1229 2319 1308 2346 hunc
1327 2319 1390 2347 fore
1409 2321 1539 2355 primum

223 2359 255 2387 C.
275 2373 313 2377 —
332 2358 394 2385 Vor
411 2354 432 2384 4
450 2357 482 2382 in
503 2354 540 2382 C:
561 2355 703 2391 Exemplo
724 2354 843 2381 Domini
866 2357 1004 2390 patientis
1025 2359 1054 2383 et
1074 2357 1105 2383 in
1125 2365 1212 2384 eruce
1232 2355 1292 2384 fixi.
1313 2372 1351 2377 —
1371 2356 1389 2384 5
1410 2357 1484 2387 fehlt
1505 2360 1536 2389 C.

222 2397 306 2425 Aueh
326 2397 377 2424 der
390 2394 664 2424 Offermrium-Text
685 2395 727 2420 ist
746 2393 776 2419 in
791 2393 814 2420 C
835 2393 938 2420 andei-s
962 2394 1021 2421 und
1041 2394 1422 2433 unrichtigverteilt.(vg1.
1437 2398 1536 2434 Frere,

221 2435 284 2464 The
304 2434 490 2463 Winehester
509 2432 628 2468 Troper,
652 2428 706 2459 102
726 2429 742 2467 ξ
763 2431 806 2458 IV
826 2440 854 2458 u.
877 2431 892 2466 ξ
913 2433 960 2467 V.)
979 2448 1016 2452 -—-
