1653 2689
658 106 702 112 —
752 87 918 123 249-

464 191 535 223 484.
565 191 605 222 ln
625 199 654 222 s.
676 191 840 222 Iohannis
859 192 1112 229 Evangelistae.

163 273 182 305 1
221 271 372 314 Manere,

221 319 340 352 Vivere

221 366 329 398 Debes
355 369 387 398 et
411 363 527 398 florere

222 414 261 447 In
286 422 347 452 me,
374 413 427 454 qui
454 423 522 446 sum
549 422 624 446 vere

160 464 180 496 5
270 462 364 494 Vitae
391 461 475 496 vitis,

269 510 330 550 Qui
355 509 462 551 sititis,

221 557 357 590 Haurite

221 606 329 638 Vitam
357 605 396 637 de
421 614 482 645 me,
510 605 586 639 vite.

221 654 310 686 Odor
334 653 484 694 myrrhae
506 653 613 694 tritae,

139 702 182 734 10
220 701 372 734 Balsamo
399 702 548 734 conditae

221 749 378 790 Fragrat3
407 750 469 781 huc
494 750 610 789 venite,

220 797 392 839 Myrrham
416 797 570 839 invenite,

221 844 354 877 Sentite.

221 893 329 926 Oblite

139 942 182 973 15
271 940 342 981 Tui,
371 941 410 972 de
436 944 467 971 te
493 949 621 980 quaere,

270 988 319 1020 De
346 988 487 1020 Iohanne
513 996 553 1020 ne
579 989 715 1029 mirere;

270 1036 358 1068 Eum
383 1035 452 1067 volo
477 1036 507 1068 si
532 1044 675 1077 manere,

269 1083 351 1123 Quid
378 1084 419 1115 ad
446 1083 504 1118 te?
533 1083 590 1114 Me
614 1092 754 1122 sequere.

223 1131 296 1162 Tibi
322 1135 442 1162 stratae

138 1180 183 1212 20
223 1179 502 1211 Praemonstratae

247 1259 249 1262 Α
271 1228 386 1259 Patent
413 1230 444 1257 et
469 1234 582 1258 cruore

220 1274 357 1314 Proprio
384 1277 457 1305 sunt
483 1275 644 1314 signatae;

266 1322 313 1354 Te
339 1321 462 1353 redemi
487 1323 620 1362 pignore

217 1370 354 1402 Animae
381 1378 440 1408 pro
466 1374 497 1400 te
524 1369 631 1402 datae.

132 1419 176 1451 25
216 1419 358 1458 Ingrate,

217 1465 341 1498 Pietate

263 1515 481 1551 Commovere‚

263 1561 297 1594 Si
322 1570 373 1593 me
398 1569 474 1593 vere

309 1609 426 1649 Diligis
453 1615 485 1640 et
510 1618 601 1649 pure.

132 1659 176 1691 30
313 1657 528 1697 Flagellorum
555 1657 700 1696 triturae,

215 1705 327 1747 Spina,
355 1706 468 1742 minae.

215 1753 304 1787 Clavi
332 1754 453 1793 spinae,

310 1803 485 1835 Pressurae

915 272 1034 304 Forma
1059 271 1122 303 sint
1149 271 1359 314 disciplinae3

832 320 875 352 35
964 320 1034 358 Fel,
1062 323 1203 359 catenae,

961 369 1080 400 Caesae
1106 377 1216 409 genae,

962 416 1078 448 Omnes
1104 425 1203 448 venae

963 463 1071 503 Plagis
1097 464 1222 503 plenae.

962 511 1022 543 Tot
1047 520 1178 551 poenae,

829 559 873 590 40
962 559 995 591 Si
1022 559 1102 590 bene

912 607 1086 643 Ponderes,
1120 610 1193 639 sunt
1220 607 1397 641 doctrinae.

962 654 1142 687 Condolent
1168 660 1301 687 naturae

960 703 1119 742 Lapidum
1145 703 1314 744 scissurae,

961 750 1056 782 Lucis
1083 751 1129 782 sol
1157 750 1321 784 obscurae.

829 799 874 831 45
960 798 985 830 O
1013 799 1102 835 dure,

1007 846 1052 877 Te
1078 846 1229 878 Iohannis
1256 847 1381 886 aquilae

958 894 1109 925 Moneant
1137 894 1325 934 scripturae.

958 941 1077 973 Manna
1106 942 1288 981 sepulturae

1007 989 1084 1021 Fuit
1110 989 1181 1020 huic
1209 990 1311 1020 cubile

828 1037 872 1069 50
912 1036 1019 1068 Meum
1046 1043 1175 1076 pectus3

909 1084 972 1115 Hic
998 1085 1117 1115 electus

911 1132 1024 1164 Custos
1050 1133 1160 1163 matris
1188 1131 1321 1164 Mariae.

956 1180 1043 1211 Hora
1070 1188 1167 1210 cenae

957 1227 1073 1258 Hausit
1101 1228 1193 1266 plene

827 1277 869 1307 55
909 1275 1043 1306 Fontem
1070 1276 1202 1314 gratiae,

954 1323 1033 1353 Ales
1058 1323 1118 1353 alis

956 1370 1118 1409 Spiritalis

907 1418 1112 1449 Praeminens
1139 1417 1301 1458 scientiae,

956 1464 1073 1505 Figens
1100 1466 1202 1497 visum

823 1513 867 1546 60
956 1512 1027 1544 Non
1054 1513 1165 1544 elisum

905 1561 942 1593 In
970 1570 1028 1601 me,
1056 1562 1154 1593 solem
1179 1562 1310 1603 gloriae,

953 1608 1049 1641 Cuius
1076 1609 1146 1641 alae

954 1658 1032 1689 Sunt
1059 1658 1211 1689 virtutum
1239 1658 1355 1691 scalae.

904 1707 1011 1738 Meum
1039 1706 1217 1745 spiritalem

821 1754 865 1786 65
904 1754 984 1785 Volo
1012 1755 1108 1786 talem

952 1802 1100 1835 Dfimere.

195 1878 324 1912 Flacius,
345 1878 397 1905 Nr.
411 1878 476 1906 LII.
500 1893 533 1896 —
556 1875 574 1904 8
594 1887 640 1906 me
661 1878 750 1905 vitae.
767 1892 804 1895 —
817 1876 835 1905 9
850 1878 930 1905 Odor
952 1879 1024 1905 mire
1046 1879 1141 1905 tritae.
1157 1892 1194 1897 ·—
1211 1877 1241 1905 11
1261 1878 1388 1915 Flagrat.
1405 1893 1441 1897 —

117 1913 155 1944 27
176 1917 396 1945 Commoveare.
417 1931 455 1935 ——
475 1915 513 1944 48
533 1917 643 1952 Magna
664 1917 841 1952 sepulturae.
863 1932 900 1934 —
921 1917 1060 1944 Offenbar
1079 1917 1195 1953 Tropus
1217 1926 1282 1944 zum
1304 1917 1441 1944 Versikel

116 1955 169 1983 des
203 1955 366 1983 Graduale:
409 1955 473 1984 Sic
513 1963 591 1983 eum
632 1955 719 1983 volo
752 1962 918 1987 manere,
953 1955 1071 1984 donec
1105 1957 1269 1990 veniam3
1311 1959 1349 1983 tu
1390 1966 1441 1984 me

114 2002 285 2029 sequere.

542 2068 611 2100 485.
643 2069 681 2100 111
702 2070 814 2101 sancti
836 2070 1008 2102 Silvestri.

490 2150 523 2183 1.
561 2149 712 2182 Gloriosa

566 2198 635 2230 dies
661 2199 796 2231 celebris

565 2248 597 2277 et
622 2246 818 2279 sollemnitas

568 2293 684 2326 colitur
708 2295 804 2328 hodie

567 2342 670 2374 sancti
696 2341 888 2377 confessoris

565 2390 612 2422 tui
637 2390 784 2424 Silvestri
