1653 2689
578 513 1198 572 Inhaltsverzeichnis.

662 644 696 680 Ι.
737 645 1119 684 Gesamtiiberblick.

254 737 283 767 Ῑ.
319 737 422 775 Tropi
443 740 485 769 ad
507 739 704 770 Introitum.
727 756 762 761 -
786 743 1013 770 praeambulum
1034 744 1074 776 (S.
1099 743 1151 779 17).

318 788 352 814 Α.
384 788 622 816 Introductiones
643 790 680 816 ad
701 791 857 818 Introitum
879 792 939 822 (Nr.
965 790 1074 824 1—64).

318 836 351 862 Β.
383 835 474 872 Tropi
497 837 533 864 ad
555 838 712 864 Introiturn
733 836 793 868 (Nr.
816 836 966 873 65-382).

242 881 288 912 II·
324 882 427 919 Tropi
449 884 491 913 ad
513 883 712 921 Epistolam.
735 900 773 904 -—
792 887 1019 913 Praeambulum
1039 886 1079 920 (S.
1104 886 1176 921 167).

317 931 473 966 Epistolae
494 934 617 960 sarcinae
637 934 698 963 (Nr.
720 932 890 968 38:5—414).
910 964 914 967 Δ

220 976 283 1007 III.
319 977 422 1014 Tropi
441 979 482 1008 ad
505 978 689 1009 Graduale.
713 996 747 999 —
770 982 998 1009 Praeambulum
1019 982 1058 1014 (S.
1084 981 1156 1016 211).

316 1026 350 1053 A.
382 1027 474 1064 'Propi
496 1028 532 1055 ad
554 1029 783 1064 Responsorium
805 1030 953 1056 Graduale

447 1079 477 1102 et
497 1076 533 1102 ad
555 1076 678 1102 Versum
700 1076 921 1103 Alleluiatieum
942 1076 1003 1109 (Nr.
1025 1075 1194 1110 415—507).

315 1121 348 1148 B.
381 1122 472 1158 Tropi
494 1123 530 1150 ad
553 1123 690 1150 Alleluia.
715 1138 752 1142 —
772 1125 999 1151 Praeambulum
1021 1123 1061 1154 (S.
1084 1123 1158 1159 266).

381 1168 405 1197 l.
427 1171 518 1206 Tropi
541 1174 609 1197 ante
631 1173 821 1206 sequentiam
843 1172 904 1204 (Nr.
926 1170 1096 1204 506-514).

379 1215 406 1246 2.
427 1219 537 1246 Versus
559 1219 595 1245 ad
619 1220 794 1254 Sequentias
815 1220 877 1251 (Nr.
900 1218 1069 1253 515—530).

221 1261 278 1292 lv.
316 1263 418 1300 Tropi
439 1264 482 1294 ad
504 1264 740 1295 offertorium.
763 1281 799 1284 —
821 1267 1048 1294 Praeambulum
1069 1266 1109 1300 (S.
1131 1266 1204 1301 281).

309 1311 343 1338 A.
375 1312 612 1341 Introductiones
635 1314 671 1340 ad
693 1314 880 1342 offertorium
899 1314 961 1347 (Nr.
984 1313 1155 1349 531-548).

311 1359 344 1386 B.
375 1359 467 1396 Tropi
489 1360 525 1387 ad
546 1361 747 1396 Antiphonam
769 1365 797 1389 et
818 1363 944 1389 Versum
965 1361 1114 1389 offertorii
1134 1364 1194 1393 (Nr.
1217 1361 1388 1393 549-596).

310 1406 342 1433 C·
373 1407 464 1443 Tropi
487 1408 524 1435 ad
545 1412 706 1435 extremum
727 1409 852 1437 Versum
876 1410 1023 1436 Offertorii
1044 1409 1105 1438 (Nr.
1128 1410 1299 1443 597—633).

310 1454 347 1481 D.
374 1454 532 1492 Appendix
552 1458 715 1492 Troporum
738 1458 774 1485 ad
795 1465 955 1485 extremum
980 1458 1105 1485 Versum
1127 1459 1290 1486 Offertorii:

425 1504 518 1540 Tropi
540 1504 576 1531 ad
598 1504 785 1533 Offertorium
812 1505 1010 1541 „Recordare“
1033 1506 1092 1537 (Nr.
1115 1505 1286 1541 6:34ss651).

309 1549 345 1577 Ε.
372 1550 530 1579 Offertoria
550 1552 729 1588 Rhythmica
748 1554 810 1586 (Nr.
835 1552 1005 1587 652-693).

229 1596 267 1626 V.
307 1596 409 1634 Τι’θρί
431 1599 474 1628 ad
497 1598 784 1630 Gommum‘onem.
807 1617 845 1620 —-
865 1602 1093 1630 praeambulum
1113 1602 1154 1635 (S.
1176 1600 1255 1635 343).

307 1647 342 1673 Α.
372 1647 610 1676 Introductiones
632 1649 669 1676 ad
690 1650 934 1677 communionem
954 1650 1016 1685 (Nr.
1039 1649 1209 1684 694—731).

308 1695 342 1721 B.
373 1695 463 1732 Tropi
485 1697 521 1724 ad
543 1697 786 1725 Communionem
807 1698 869 1730 (Nr.
892 1696 1062 1730 732—777).

216 1740 273 1771 Vl.
310 1742 506 1779 Appendix:
534 1742 637 1780 Tropi
666 1743 709 1773 ad
731 1744 899 1782 „Libera“
921 1746 956 1774 et
978 1745 1113 1782 „Media
1135 1745 1229 1775 vita‘·
1250 1748 1311 1779 (Nr.
1334 1746 1504 1780 775—786).

719 1878 770 1915 ΙΙ.
797 1879 1033 1916 Realindex.

303 1946 372 1979 (Die
395 1946 605 1974 beistehenden
626 1947 737 1974 Zahlen
761 1948 939 1976 bezeichnen
960 1948 1008 1975 die
1025 1949 1226 1976 Nummern
1247 1948 1298 1975 der
1320 1948 1457 1983 'Pi-open.)

961 2027 1021 2053 mii.
1073 2025 1157 2053 5—9.
1202 2025 1326 2054 67—71.
1373 2023 1537 2053 383-:3525

325 2061 374 2091 ne
395 2062 468 2093 neo
494 2062 529 2092 et
550 2063 726 2100 Tempore.
961 2072 1124 2102 418—422.
1140 2073 1205 2102 515.
1221 2073 1285 2101 531.
1298 2073 1362 2101 550.
1375 2072 1537 2101 615-620.

207 2122 367 2149 Dominica
394 2122 416 2150 1.
445 2122 598 2150 Adventus
626 2122 655 2149 1μ
681 2120 708 2148 4.
730 2120 775 2150 65.
798 2121 843 2150 66.
963 2120 1027 2148 732.
1050 2120 1115 2151 733.

263 2168 330 2197 415.
352 2168 417 2198 549.
439 2168 602 2198 597-600.
624 2169 689 2198 694.
904 2170 938 2197 In
980 2170 1213 2197 Circumcisione
1255 2170 1375 2197 Domini
1416 2168 1458 2196 10.
1493 2168 1538 2196 72.

206 2219 367 2246 Dominica
388 2218 428 2246 11.
450 2219 603 2246 Adventus
624 2217 787 2247 601—-604,
962 2215 1124 2245 386—385.
1146 2217 1211 2245 551.
1234 2216 1297 2245 734.

206 2266 366 2293 Dominica
390 2266 446 2294 111.
467 2266 620 2294 Adventus
641 2264 804 2295 605—608.
903 2267 938 2293 In
972 2265 1145 2301 Epiphania
1176 2267 1296 2293 Domini
1332 2265 1347 2292 7
1378 2266 1526 2293 Prooemii

205 2314 365 2341 Dominica
375 2313 426 2342 IV.
440 2314 594 2342 Adventus
605 2312 671 2342 416.
680 2312 841 2342 609—611.
962 2312 1003 2340 10.
1015 2312 1058 2340 11.
1068 2311 1188 2341 73—79.
1199 2312 1359 2341 359—392.
1368 2312 1529 2340 42:2-426,

203 2362 240 2389 In
260 2361 375 2398 Vigilia
395 2363 572 2390 Nativitatis
591 2360 657 2389 417.
679 2360 842 2390 612—614.
959 2359 1024 2389 5:32.
1047 2360 1112 2389 552
1137 2360 1203 2389 695.
1225 2361 1289 2389 696.

203 2411 240 2438 In
261 2410 427 2438 Nativitate
454 2411 577 2438 Domini
604 2409 617 2437 l
647 2414 675 2437 et
697 2408 714 2436 2
734 2410 842 2438 Prooe—
902 2411 937 2438 In
959 2410 1071 2437 Octava
1092 2410 1281 2445 Epiphaniae
1302 2408 1346 2436 12.
1369 2407 1414 2436 80.
