1653 2689
404 249 447 280 10.
469 250 646 286 Hymnistae
665 249 767 278 crebro
788 257 847 276 vox
865 247 1024 276 articulata
1046 245 1176 279 resultet,

467 289 509 316 Ut
527 288 637 316 celsum
661 288 775 325 quatiat
795 287 923 314 clamoso
945 285 1074 314 carmine
1095 284 1220 311 culmen.

466 326 626 354 Dominum
646 325 783 354 concordi
803 325 956 351 laudemus
974 325 1044 350 voto
1065 325 1226 355 tonantem,

469 365 611 392 Cantibus
632 368 661 392 et
679 363 789 392 crebris
809 362 971 389 conclamet
991 359 1079 387 turba
1098 367 1228 387 suorum.

469 400 612 438 Hymnos
633 411 666 430 ac
684 398 820 437 psalmos
842 403 871 427 et
891 396 1085 434 responsoria
1104 398 1188 425 festis

402 440 446 469 15.
468 441 604 477 Congrua
625 447 790 475 promamus
812 438 911 465 subter
933 434 1078 465 testudine
1099 436 1211 472 templi,

466 479 601 506 Psalterii
620 479 712 506 melos
732 477 825 503 fantes
847 475 1042 503 modulamine
1063 474 1174 506 crebro,

465 517 560 552 Atque
581 517 679 544 decem
700 514 806 542 fidibus
827 515 956 541 nitamur
977 512 1095 540 tendere
1116 512 1219 547 lyram,

465 555 505 582 Ut
525 554 679 590 psalmista
701 555 796 580 monet
816 552 862 579 bis
883 553 980 588 quinis
1004 551 1133 586 psallere
1154 550 1246 577 fibris.

795 617 809 632 *
985 617 1000 632 1

890 639 904 654 *

466 706 522 732 Hic
543 705 621 731 claro
643 707 764 741 argento
785 703 863 730 clare
884 703 1028 731 fabricato
1050 703 1184 735 nitescit3

401 743 444 772 20.
467 744 589 770 Talibus
610 744 734 770 ornabat
754 742 838 768 donis
861 743 1002 777 opuscula
1024 741 1133 768 Christi

463 782 621 816 Gregorius
642 781 720 812 felix,
742 780 862 806 caelesti
884 788 1002 808 munere
1023 779 1115 810 dives.

464 820 555 852 Quem
577 826 732 846 numerosa
754 819 809 845 Dei
831 818 940 845 ditarat
959 819 1057 854 gratia
1078 819 1194 844 summi.

463 858 519 884 Hic
541 858 646 892 opibus
667 857 750 884 fulsit
771 857 885 891 magnis
907 860 935 883 et
957 857 1118 884 honoribus
1140 858 1258 888 auctus:

464 896 549 922 Hunc
571 897 658 922 etiam
680 894 807 928 duplicis
828 894 970 921 decorans
992 895 1139 928 sapientia
1160 894 1251 928 legis3

396 932 441 961 25.
463 933 501 960 Et
523 933 663 969 populum
685 933 805 960 Domini
830 941 936 968 magno
959 932 1157 959 moderamine
1179 933 1262 959 rexit.

806 999 820 1015 a<
996 998 1012 1014 *

901 1020 916 1035 ἡ

462 1076 517 1107 En,
539 1077 608 1103 felix
630 1077 749 1103 Domini
771 1076 907 1107 famulus,
929 1085 981 1112 pro
1003 1082 1121 1102 munere
1143 1079 1224 1102 tanto

462 1115 518 1147 Qui
540 1115 637 1141 noscis
662 1117 724 1141 rivo
746 1122 901 1140 vernarum
923 1114 1010 1141 corda
1032 1115 1136 1149 rigare,

465 1154 539 1178 Dum
561 1161 644 1179 sacra
665 1153 755 1179 comis
775 1153 834 1178 late
855 1153 1027 1186 praecordia
1046 1152 1146 1179 verbis

462 1191 663 1225 Luciferisque
684 1190 771 1217 simul
793 1191 1053 1225 mandatorumque
1074 1191 1211 1226 maniplis

401 1227 446 1256 30.
468 1228 507 1254 Et
526 1230 617 1255 variis
640 1229 742 1255 florum
764 1228 869 1263 sragris
891 1232 1022 1255 saturare
1045 1228 1169 1258 solebas,

462 1266 538 1292 Para
557 1268 634 1293 vires
656 1266 774 1302 fragiles
796 1268 910 1293 animae
931 1266 1114 1301 accendeque
1137 1266 1234 1298 fibras,

462 1304 503 1331 Ut
523 1304 655 1331 homines
676 1313 777 1340 pacem
798 1304 913 1331 discant
934 1312 1049 1331 servare
1071 1313 1122 1339 per
1144 1305 1243 1338 orbem

461 1343 632 1377 Angelicam
654 1345 684 1369 in
706 1343 791 1369 terris
814 1343 922 1377 passim
944 1351 1009 1369 cum
1032 1342 1145 1369 foedere
1167 1342 1258 1374 firmo,

463 1382 554 1413 Quam
578 1381 711 1408 Christus
735 1381 834 1411 castis,
856 1382 972 1407 tractim
993 1381 1181 1415 sperantibus
1202 1389 1299 1408 arcem

395 1418 441 1447 35.
462 1419 647 1453 Perpetuam,
669 1428 703 1446 ac
723 1419 829 1453 iugiter
851 1422 1007 1454 praecepta
1027 1420 1218 1453 sequentibus
1241 1420 1318 1447 ultro

463 1457 587 1484 Sedibus
609 1458 640 1484 in
662 1457 748 1484 celsis
771 1457 920 1490 pulchram
943 1458 1077 1492 promisit
1098 1457 1271 1484 habendam.

784 1522 798 1536 ί
976 1522 990 1537 *

880 1543 895 1558 *

461 1599 556 1631 Salve,
579 1600 724 1627 fortunate
749 1602 839 1634 pater,
862 1607 1033 1635 semperque
1056 1599 1158 1626 beatus

461 1639 557 1672 Atque
578 1646 688 1665 memor
708 1639 800 1665 nostri
823 1638 936 1672 pollens
959 1646 1010 1673 per
1030 1637 1127 1664 saecla
1149 1639 1297 1674 magister.

310 1724 429 1751 collect.
446 1733 497 1751 ms.
514 1732 589 1751 saec.
603 1722 639 1756 (8.
652 1726 690 1757 et)
703 1723 749 1751 819,
766 1723 846 1761 μ(Σοεί.
862 1724 956 1759 Capit.
972 1724 1115 1751 Lucensis
1130 1722 1195 1751 490.
1219 1725 1313 1757 (Nach
1327 1726 1438 1759 Grisar‚
1454 1728 1485 1754 in
1499 1728 1553 1755 der

237 1762 375 1789 Zeitschr.
391 1763 436 1789 ffir
452 1761 531 1788 kath.
554 1762 723 1797 Theologie,
744 1760 825 1793 1590,
844 1762 873 1789 S.
885 1760 941 1789 553
953 1762 992 1791 θ’.)
1009 1762 1043 1788 A.
1058 1777 1095 1781 —
1113 1763 1157 1789 De
1169 1763 1269 1796 Levis,
1290 1761 1440 1792 Anecdota
1455 1773 1551 1799 sacra,

234 1801 307 1836 Aug.
320 1801 420 1827 Turin.
436 1798 515 1832 1789,
529 1809 555 1835 p.
568 1799 620 1834 32;
633 1809 686 1827 aus
699 1802 778 1827 einer
792 1800 856 1832 Hs„
868 1800 915 1827 die
927 1809 957 1827 er
972 1801 1002 1827 in
1013 1799 1064 1826 der
1075 1800 1159 1827 Nahe
1171 1801 1221 1828 des
1233 1802 1367 1829 Klosters
1380 1803 1409 1830 S.
1420 1804 1551 1832 Michael

233 1847 292 1865 von
307 1839 436 1865 Lucedio
450 1838 608 1871 (Piemont)
627 1837 771 1873 gerunden
793 1837 872 1865 hatte
894 1838 952 1865 und
974 1839 1017 1865 als
1033 1846 1084 1865 aus
1099 1839 1164 1865 dem
1179 1841 1331 1867 siebenten
1347 1841 1551 1870 Jahrhundert

232 1876 394 1904 stammend
415 1876 516 1909 ansah,
538 1877 584 1903 die
606 1877 676 1904 aber
697 1876 771 1903 nach
791 1876 843 1902 der
864 1877 1063 1912 Schriftprobe
1083 1878 1139 1905 (De
1163 1878 1261 1910 Levis,
1285 1878 1302 1905 l.
1325 1888 1357 1909 c..
1381 1889 1409 1915 p.
1430 1878 1478 1913 29)
1498 1881 1553 1909 der

233 1915 344 1943 Grenze
372 1923 438 1941 vom
467 1913 492 1941 9.
521 1923 585 1941 zum
615 1913 657 1942 10.
678 1913 878 1942 Jahrhundert
898 1915 1048 1951 angehssrt.
1069 1916 1102 1942 B.
1129 1930 1162 1934 —
1185 1914 1202 1943 3
1223 1921 1396 1952 patrumque
1418 1920 1549 1954 priorum

230 1954 269 1982 B:
300 1951 487 1988 „iuniorque“
519 1954 558 1979 ist
582 1953 663 1980 nicht
690 1962 725 1980 zu
755 1953 969 1980 beanstanden:
999 1953 1111 1988 Gregor
1135 1954 1187 1981 hat
1213 1955 1260 1983 die
1289 1956 1468 1984 Denkmaler
1497 1958 1551 1986 der

233 1993 324 2018 Vater
350 1995 484 2018 erneuert
509 1991 567 2017 und
595 1991 639 2017 als
669 1991 720 2018 der
743 1990 903 2025 jungere
929 1992 976 2018 die
1009 1992 1117 2019 Werke
1147 1993 1198 2020 der
1225 1994 1379 2022 alteren
1407 1997 1447 2023 im
1477 1997 1550 2024 Ver-

236 2034 339 2057 trauen
361 2029 412 2055 auf
423 2030 493 2057 Gott
514 2030 601 2056 weise
622 2028 836 2056 verscbonert.“
858 2044 894 2047 —
914 2028 933 2056 4
952 2030 1074 2057 Munere
1096 2031 1216 2058 caelesti
1231 2032 1269 2060 B:
1291 2034 1410 2068 sapiens
1425 2036 1552 2064 ornabat

235 2070 269 2100 A,
292 2075 399 2094 ornans
423 2068 569 2102 sapienter
584 2069 615 2094 B.
639 2082 674 2086 —
696 2066 713 2094 5
734 2068 807 2094 Tum
822 2070 986 2102 composuit
1001 2069 1023 2094 A
1036 2077 1042 2099 ;
1065 2072 1167 2096 cantor
1181 2071 1221 2105 B;
1242 2070 1378 2106 huncque
1392 2074 1447 2100 rite
1461 2074 1497 2100 A.
1512 2089 1551 2094 -——

235 2105 253 2134 6
281 2107 430 2140 reciproca
454 2106 517 2132 Deo
539 2105 704 2132 moduletur
725 2107 855 2132 carmina
875 2107 909 2132 B.
930 2120 966 2125 —-
989 2105 1005 2133 Τ
1027 2115 1108 2134 sacer
1125 2116 1267 2144 sacraque
1288 2109 1384 2138 libans
1405 2111 1549 2142 libamine

233 2146 268 2172 A.
288 2159 324 2163 —
346 2142 362 2170 9
384 2147 413 2170 et
432 2145 553 2179 gemmis
573 2144 784 2175 (Lesefehler?)
804 2144 980 2178 psalmorum
1002 2145 1042 2177 A3
1063 2152 1238 2181 concrepent
1255 2148 1325 2175 odat
1338 2149 1372 2181 A,
1393 2156 1552 2187 concrepet

234 2187 298 2211 orat
309 2184 341 2210 B.
355 2196 392 2201 —
411 2181 446 2210 10
456 2183 583 2216 Hymnis
598 2187 625 2208 te
640 2183 741 2209 crebro
752 2182 817 2212 AB2
833 2183 958 2209 articula
969 2184 1004 2210 A.
1021 2197 1055 2201 —-
1073 2182 1105 2210 11
1121 2184 1161 2212 Et
1171 2186 1211 2217 B;
1227 2186 1356 2214 clamoro
1367 2188 1402 2219 A,
1418 2189 1550 2218 clamosa

235 2223 359 2249 crimina
378 2220 411 2247 B.
433 2236 469 2240 -
494 2219 528 2246 12
548 2221 692 2247 Dominus
713 2220 865 2249 concordis
881 2222 916 2253 A,
940 2223 1055 2248 Fratres
1077 2225 1213 2251 concordi
1228 2225 1268 2259 B;
1289 2228 1358 2252 voto
1379 2230 1498 2255 nantem
1513 2230 1547 2264 A,

237 2269 308 2288 voce
328 2262 477 2286 tonantem
498 2258 531 2285 B.
552 2272 589 2277 -
612 2257 647 2285 13
668 2259 814 2286 Dantibus
834 2259 868 2285 A.
889 2274 927 2277 —
948 2259 983 2288 14
1004 2264 1191 2295 responsoria
1212 2263 1294 2291 fertis
1308 2264 1342 2296 A,
1364 2265 1449 2292 fessis
1464 2266 1497 2293 Β.
1510 2282 1551 2287 —

235 2297 270 2326 15
290 2306 456 2334 promemus
470 2297 504 2323 A.
525 2311 562 2315 -—
585 2295 619 2323 16
640 2301 739 2324 sancto
759 2296 841 2328 (statt
863 2298 976 2332 crebro)
989 2298 1021 2326 Β.
1043 2313 1079 2317 -
1102 2298 1135 2326 17
1151 2300 1273 2330 Fidibus
1293 2306 1381 2338 atque
1395 2303 1494 2331 decem
1508 2307 1550 2340 133

232 2338 349 2365 tendere
377 2336 450 2363 fehlt
475 2335 516 2364 B:
545 2335 600 2362 lira
626 2336 659 2362 B.
692 2350 729 2354 --
765 2333 799 2362 19
825 2336 884 2362 Hic
908 2335 958 2369 (sc.
986 2336 1074 2366 liber:
1103 2339 1153 2365 cfr.
1180 2349 1207 2367 v.
1237 2339 1280 2374 5);
1308 2340 1455 2370 fabricata
1480 2344 1548 2379 AB;

234 2376 347 2404 ritescit
366 2375 399 2402 A.
421 2388 459 2393 —
479 2371 516 2400 20
537 2377 640 2400 ornata
661 2375 699 2407 B,
722 2377 750 2400 et
771 2375 913 2409 opuscula
932 2376 965 2402 B.
986 2389 1024 2394 ——
1044 2374 1080 2402 22
1101 2377 1193 2410 Quem
1214 2387 1302 2406 mune
1322 2387 1389 2407 rora
1409 2381 1443 2413 A,
1465 2382 1551 2416 Quae

230 2421 386 2442 numerosa
400 2413 441 2442 B:
468 2411 564 2439 ditant
584 2413 618 2445 A,
640 2412 734 2440 ditare
754 2412 849 2448 gloria
869 2415 975 2440 summi
988 2414 1023 2441 B.
1044 2428 1079 2432 —
1101 2413 1138 2442 23
1152 2422 1235 2445 actus
1249 2418 1284 2444 A.
1307 2432 1341 2436 —
1362 2415 1500 2447 24Nunc
1513 2422 1551 2455 A,

231 2453 310 2480 Hinc
330 2453 369 2486 133
397 2459 463 2479 zum
483 2450 616 2487 Partizip
638 2448 813 2486 „decorans“
833 2451 873 2478 ist
895 2451 973 2487 „est“
995 2461 1032 2479 zu
1053 2454 1211 2490 ergEmzen,
1239 2457 1296 2483 wie
1316 2457 1348 2483 in
1368 2456 1420 2484 der
1438 2459 1547 2488 mittel-
