1653 2689
732 108 995 143 -219—

625 259 676 290 2³3.
707 259 746 289 In
767 261 955 299 Epiphania
975 261 1124 292 Domini.

532 358 548 390 1
578 357 703 397 Gaude,
730 359 805 391 Sion
832 359 908 400 filia,

580 406 676 446 Regis
703 407 735 438 in
761 408 955 448 praesentia,

580 453 676 486 Cuius
702 455 806 494 gratia

628 502 800 534 Praestans
827 503 950 542 ducem,

534 552 553 582 5
630 549 741 581 Caecis
767 549 905 582 fundens
931 552 1032 583 lucem

675 598 720 629 Te
746 597 849 629 reficit

674 645 717 677 Et
743 645 887 685 perficit;

580 692 691 724 Firma
717 699 767 724 sta
793 695 982 728 constantia.

630 741 740 774 Cesset
766 747 878 782 metus,

508 789 550 821 10
624 789 785 828 Languor,
812 788 922 828 fletus3

677 837 837 876 Splendor
862 843 893 868 te
920 838 1097 877 perlustrat
1123 837 1255 877 gloriae,

676 885 767 917 Viam
797 886 911 924 pandit
937 886 1062 925 patriae

678 932 731 964 Sol
759 933 909 966 iustitiae.

286 1037 421 1064 Cantion.
448 1046 502 1063 ms.
528 1037 611 1064 Petri
640 1037 674 1064 de
701 1037 825 1064 Medicis
852 1038 1020 1071 (Gallicum)
1048 1045 1122 1064 saec.
1154 1034 1197 1063 13.
1238 1036 1307 1063 Cod.
1336 1037 1528 1062 Laurentian.

204 1076 251 1103 Pl.
273 1074 319 1103 29.
337 1075 362 1103 1.
380 1089 416 1094 —-
439 1075 494 1101 Am
509 1075 663 1103 Schlusse:
688 1076 943 1109 „Ierusalem·*.
959 1091 995 1095 -
1018 1074 1161 1103 Sichtlich
1175 1075 1290 1109 Tropus
1305 1083 1370 1100 zum
1384 1073 1526 1101 Gradual-

205 1114 330 1141 Versus:
361 1114 497 1149 „Surge
526 1117 561 1140 et
587 1113 825 1145 illuminare,
853 1111 1084 1145 Ierusalem,
1112 1114 1201 1147 quia
1228 1113 1352 1147 gloria
1379 1113 1527 1139 Domini

205 1161 319 1188 super
345 1156 378 1180 te
406 1155 487 1178 orta
515 1154 597 1178 est&

623 1273 672 1304 24.
704 1274 742 1303 In
763 1273 952 1312 Epiphania
973 1272 1122 1303 Domini.

633 1372 658 1404 Ο
685 1372 871 1411 redemptor
896 1372 1034 1403 omnium

635 1419 845 1459 Salvatorque
871 1420 1021 1459 gentium,

632 1468 735 1507 Reges
762 1477 845 1498 nunc
871 1471 902 1498 et
925 1468 1048 1499 insulae

630 1515 702 1547 Tibi
729 1515 864 1546 offerunt
890 1516 1019 1553 laudes3

661 1563 738 1595 Eia:
770 1563 919 1595 Vidimus
943 1563 1071 1595 stellam
1096 1562 1163 1594 eius
1190 1562 1224 1593 in
1251 1561 1379 1594 Oriente
1406 1566 1465 1595 etc.

283 1669 370 1705 Trop.
399 1677 453 1696 ms.
477 1667 670 1704 Sangallense
692 1676 768 1694 saec.
791 1665 835 1694 10.
877 1667 946 1694 Cod.
970 1668 1140 1703 Sangallen.
1161 1664 1226 1693 4²54.
1248 1667 1282 1693 A.
1307 1681 1342 1685 -—
1364 1667 1451 1701 Trop.
1475 1676 1526 1693 ms.

207 1708 404 1744 Sangallense
433 1715 509 1734 saec·
542 1705 585 1734 11.
615 1708 654 1733 in.
696 1706 765 1734 Cod.
794 1706 963 1742 Sangallen.
991 1704 1057 1735 381.
1084 1707 1118 1732 B.
1144 1719 1178 1724 —-
1199 1705 1274 1732 Hier
1301 1707 1365 1732 eine
1387 1706 1444 1732 fast
1464 1715 1527 1732 ver-

205 1747 313 1774 einzelt
333 1745 512 1775 dastehende
533 1745 716 1772 Introductio
737 1754 803 1771 zum
824 1745 933 1772 Versus
954 1745 1177 1778 Alleluiatieus3
1199 1744 1249 1770 cfr.
1271 1745 1321 1771 ΧΓ.
1342 1743 1408 1770 430.

608 1897 677 1928 425.
709 1898 747 1927 In
768 1897 958 1936 Epiphania
978 1896 1127 1927 Domini.

228 2000 244 2032 1
273 1998 366 2030 Viam
391 1996 499 2030 vident
524 1997 680 2037 veritatis,
1016 1997 1096 2028 Tres
1124 1996 1163 2027 de
1187 1996 1270 2028 dono
1295 1997 1417 2036 gratiae

325 2046 476 2079 semitam
502 2045 644 2077 institiae
972 2046 1114 2077 Veniunt
1141 2049 1172 2075 et
1198 2045 1350 2076 reseratis

325 2093 476 2127 Gentium
499 2093 672 2134 primitiae,
1017 2093 1191 2126 Thesauris
1218 2093 1372 2132 pecuniae

274 2143 359 2176 Dum
385 2141 428 2175 ad
452 2141 550 2173 limen
575 2141 716 2182 pietatis,
898 2144 940 2175 10
1016 2142 1123 2174 Ductu
1147 2141 1258 2173 stellae
1283 2142 1434 2181 praeviae

228 2194 246 2225 5
323 2191 416 2223 Pium
442 2197 549 2230 regem
574 2189 706 2232 gloriae,
965 2191 1096 2223 Trinum
1124 2194 1154 2221 et
1180 2199 1277 2222 unum
1304 2190 1388 2222 datis

274 2239 441 2272 Mentibus
466 2237 655 2270 illuminatis
1015 2239 1133 2271 Tribus
1160 2238 1303 2271 adorant
1329 2239 1436 2272 hodie.

283 2349 421 2379 Flacius,
449 2345 502 2373 Nr-
531 2343 660 2372 CXLVI.
681 2361 718 2364 —
741 2343 755 2372 1
785 2345 925 2381 rident(!).
947 2361 982 2365 —
1010 2345 1100 2374 Wohl
1128 2345 1223 2373 sicher
1251 2347 1299 2373 ein
1320 2346 1434 2382 Tropus
1463 2355 1529 2373 zum

202 2388 314 2415 Versus
329 2385 554 2414 Alleluiaticus:
578 2383 768 2418 „Vidimus
789 2384 944 2412 stellam
966 2386 1048 2413 eius
1070 2387 1106 2412 in
1129 2384 1288 2412 Oriente
1310 2388 1342 2412 et
1363 2386 1530 2412 venimus

200 2435 280 2455 eum
306 2423 530 2453 muneribus
557 2421 716 2450 adorare
742 2422 967 2451 Dominum“.
