1653 2689
697 128 956 164 -223-

524 248 595 280 432.
626 250 665 280 In
685 250 951 282 Resurrectione
973 250 1122 281 Domini.

508 329 539 362 1.
565 330 658 362 Haec
683 334 732 362 est
756 329 836 370 dies,

163 615 224 647 2a.
260 614 350 646 Haec
374 617 432 655 est,

260 671 340 702 quae
365 671 423 694 nos
449 662 567 703 eripuit
577 671 585 703 3

260 710 352 742 Haec
374 713 423 742 est
449 710 516 742 dies

260 758 420 789 clararum
447 757 571 790 dierum
584 768 592 799 3

260 806 339 837 haec
364 809 413 837 est

259 853 400 885 nobilior
425 853 554 886 nobilis.

165 917 226 949 aa.
260 916 351 948 Haec
373 921 422 948 est

263 964 355 995 Veris
381 964 568 1004 amoenitas,

261 1012 354 1044 Haec
379 1014 428 1043 est
452 1011 518 1043 dies

262 1059 371 1091 mundi
398 1060 590 1098 iucunditas,

258 1107 338 1138 haec
364 1111 412 1139 est

262 1155 410 1195 vitaeque
436 1155 573 1187 novitas.

565 377 671 418 Quam
697 377 772 417 fecit
795 377 979 418 Dominu83

565 425 659 456 Haec
684 431 731 457 est
757 425 834 465 dies,

565 481 660 512 quam
687 472 969 512 exspectabamu53

564 519 644 551 haec
670 525 729 561 est⁷

564 576 625 607 qua
651 577 726 600 vere
752 567 890 600 risimus,

854 615 917 648 2b.
953 616 1042 647 Haec
1068 619 1126 657 est,

949 673 990 703 qu

993 673 1029 695 ae
1056 673 1206 704 sponsum
1233 665 1350 697 excitat
1362 675 1370 705 ;

950 712 1042 743 Haec
1067 716 1114 743 est
1141 712 1208 744 dies

951 807 990 838 ha

855 917 918 951 31).

951 759 1101 791 diadema
1128 760 1250 792 dierum
1263 771 1270 798 ς

993 817 1028 838 ec
1053 811 1101 839 est

950 862 1061 887 sancta
1089 855 1156 886 dies
1183 860 1376 890 sanctarum.

952 918 1043 949 Haec
1069 921 1117 949 est

951 966 1066 1005 Sponsi
1094 966 1225 997 victoria
1239 975 1246 1006 ;

950 1014 1042 1044 Haec
1068 1017 1115 1044 est
1143 1013 1210 1045 dies

950 1108 991 1140 ha

506 1205 539 1235 4.
565 1203 654 1235 Haec
680 1208 737 1241 est,

569 1251 637 1289 Qua
663 1251 804 1282 surrexit
829 1251 994 1293 Christus·‚

568 1299 661 1331 Haec
686 1302 744 1338 est,
769 1308 868 1338 quam
895 1299 970 1338 fecit

950 1070 1086 1100 sponsae
1112 1061 1234 1093 laetitia
1247 1072 1253 1101 ;

994 1117 1029 1139 ec
1056 1112 1103 1140 est

952 1156 1075 1188 dierum
1101 1156 1262 1196 gaudium.

995 1299 1171 1331 Dominus.

244 1373 332 1400 Grad.
353 1376 383 1400 et
395 1373 483 1407 Trop.
506 1383 559 1400 ms.
573 1374 849 1402 Fontisebraldense
870 1383 946 1401 saec.
964 1373 1007 1401 14.
1030 1376 1068 1402 in.
1085 1374 1155 1401 God.
1190 1376 1373 1403 Lemovicen.
1389 1373 1407 1403 2
1421 1374 1486 1407 (17).

165 1427 202 1431 -
226 1410 250 1444 1,
272 1410 290 1438 4
311 1421 406 1447 quem.
428 1426 465 1430 —
479 1410 533 1445 3b,
546 1410 566 1439 4
580 1412 732 1440 laetitiam.
748 1427 783 1430 -
798 1412 879 1439 Naeh
895 1412 922 1445 4,
943 1412 960 1439 3
975 1413 1062 1449 folgt:
1084 1413 1180 1440 Haec
1195 1414 1272 1440 dies
1287 1429 1323 1432 -
1337 1415 1388 1442 Als
1404 1415 1487 1442 Anti-

165 1449 264 1485 phona
283 1450 354 1486 geht
374 1459 481 1478 vorans
491 1459 497 1475 :

190 1876 206 1908 1
236 1876 300 1908 Dat
326 1875 462 1916 superis,

234 1923 351 1955 Inferis

284 1972 411 2004 Gaudia

239 2021 318 2052 Prae
345 2019 459 2051 ceteris

234 2165 336 2203 Mors,
363 2164 467 2205 fugias

233 2213 275 2245 Et
303 2214 410 2253 rapias

286 2069 377 2100 Vitae
401 2067 535 2100 victoria
545 2079 554 2111 ς

286 2117 433 2149 Rutilant
457 2116 603 2157 insignia.

566 1489 688 1516 Vultum
710 1491 821 1516 tristem
842 1490 901 1516 iam
922 1492 1042 1523 mutate,

565 1528 663 1554 Iesum
685 1530 784 1554 vivum
807 1529 955 1560 nuntiat&

566 1566 650 1593 Iesus
671 1566 721 1593 ille
744 1567 935 1599 Nazare(n)us

564 1605 642 1631 Vere
661 1605 718 1631 fuit
734 1613 824 1631 verus
842 1605 933 1636 Deus,

566 1643 644 1670 Vere
664 1644 720 1670 fuit
739 1652 826 1669 verus
849 1644 937 1675 Deus,

567 1682 652 1709 Licet
672 1679 772 1718 noli[t]
796 1682 850 1709 hoc
872 1683 1008 1709 Iudaeus.

523 1794 592 1825 433.
625 1796 663 1825 In
686 1796 952 1827 Resurrectione
976 1796 1124 1826 Domini.

879 1877 922 1909 10
950 1877 1144 1917 Implicitum

949 1925 1107 1958 Gemitum

999 1974 1120 2005 Parias.

950 2023 1018 2054 Rex
1046 2021 1162 2053 sideris

880 2119 920 2151 15

948 2071 1100 2103 Aetheris

996 2120 1062 2151 Iam
1094 2118 1159 2149 vias

994 2167 1059 2199 Dat
1086 2166 1224 2207 pervias.

992 2216 1055 2247 Dat
1082 2215 1188 2246 varias

235 2261 342 2293 Minas
368 2261 443 2292 hinc
468 2260 593 2303 impias,

643 2324 787 2358 Celebris
811 2325 890 2358 haec
915 2326 992 2360 dies.

994 2264 1135 2295 Delicias

236 2400 364 2433 Flacius,
380 2401 430 2428 Nr.
444 2397 578 2428 CXLIII.
588 2415 626 2418 —
636 2401 726 2429 Wohl
741 2401 838 2430 sicher
847 2403 963 2438 Tropus
976 2412 1026 2430 zu:
1043 2404 1072 2431 H
1081 2413 1097 2431 a
1107 2411 1121 2430 e
1130 2412 1145 2430 c
1160 2403 1178 2430 d
1187 2404 1196 2430 i
1205 2412 1220 2431 e
1229 2414 1255 2435 s,
1272 2413 1290 2440 q
1298 2413 1316 2431 u
1325 2412 1376 2431 am
1392 2404 1405 2431 f
1408 2414 1422 2432 e
1431 2412 1446 2430 c
1455 2405 1462 2430 i
1473 2407 1484 2431 t

159 2439 339 2467 Dominus
361 2443 429 2468 etc.
