1653 2689
737 161 784 167 -
832 141 902 178 340
952 162 995 166 -
1211 122 1612 182 ”ww

608 303 676 334 f'ffl.
709 303 757 332 De
779 301 899 333 sancta
919 301 1125 332 Katharina.

566 385 582 416 1
612 383 757 416 Prudens
782 385 813 413 et
840 381 975 422 vigilans
1002 382 1101 423 virgo,

610 431 719 469 Qualis
745 439 778 461 es
805 438 873 460 cum
900 439 1016 469 sponso
1040 429 1106 470 illo,

610 478 669 517 Qui
696 483 727 508 te
754 477 849 516 elegit
874 477 913 509 de
939 477 1074 508 mundo!

608 526 704 564 Quam
732 525 877 564 pulchra,
903 534 995 564 quam
1023 524 1188 562 mir-abilis,

563 576 580 605 5
609 574 732 612 Quanta
758 573 828 603 luce
854 572 1049 614 spectabilis,

607 622 694 652 Inter
720 620 794 651 Sion
819 620 1002 651 iuvenculas

606 668 648 699 Et
672 668 842 699 Ierusalem
873 667 955 699 filias

607 715 631 746 T
637 715 760 746 halamo
786 714 927 756 gaudens
952 715 1049 754 regio,

607 763 781 794 Coniuncta
806 761 867 794 Dei
892 762 968 796 filio.

284 846 367 872 Miss.
388 846 524 882 Aquense
546 848 614 882 imp.
636 846 772 881 Lugduni
795 844 876 872 1527.
897 847 929 873 Α.
946 860 982 864 -
996 846 1078 872 Miss.
1099 845 1274 873 vivariense
1295 847 1363 883 imp.
1381 847 1519 883 Lugduni

208 882 290 911 1527.
318 885 350 910 Β.
372 898 409 902 -
438 885 519 911 Miss.
549 886 579 911 15.
606 886 726 911 Mai-tini
752 884 932 911 Turonensis
958 885 1027 918 imp.
1055 883 1179 910 Parisiis
1209 882 1291 911 1529.
1319 884 1350 912 C.
1372 902 1408 906 —
1435 887 1519 914 Miss.

205 923 368 950 Romanum
396 924 463 958 imp.
492 923 626 958 Lugduni
658 920 738 949 15:35.
770 923 803 948 D.
832 937 869 940 —
899 921 912 949 1
940 923 1024 957 virgo
1053 921 1217 948 Katharina
1245 922 1276 949 C.
1304 937 1341 942 —
1361 921 1379 950 8
1408 924 1521 960 gaudes

204 961 241 987 D.
265 976 298 979 —
320 958 338 986 9
359 961 415 987 Dei
437 963 591 987 coniuncta
614 961 648 987 D.

609 1110 677 1140 68³.
712 1111 760 1139 De
782 1110 901 1140 sancto
923 1110 1115 1140 Leonardo.

207 1200 266 1233 la.
302 1199 406 1237 Salve,
433 1203 526 1239 pater
551 1200 759 1237 sanctissime,
891 1199 951 1234 1b.
983 1199 1087 1238 Salve,
1115 1209 1238 1239 gemma
1263 1201 1492 1245 pulcherrima,

300 1245 523 1280 Confessorum
551 1247 742 1285 dulcissime,
986 1247 1092 1280 Odore
1117 1249 1314 1287 suavissima.

346 1294 522 1328 Leonarde.
1032 1295 1208 1327 Leonarue.

205 1373 266 1404 2a.
301 1370 406 1407 Salve,
433 1380 489 1402 vas
515 1369 720 1410 odoriferum,
889 1370 952 1403 2b.
983 1370 1088 1411 Salve,
1116 1371 1212 1402 decus
1238 1371 1402 1414 nobilium,

300 1419 364 1449 Vas
390 1418 515 1457 inquam
543 1416 752 1457 salutiferum,
984 1419 1080 1457 Regis
1106 1419 1225 1450 amicus
1251 1421 1400 1460 omnium,

345 1465 521 1497 Leonarde.
1032 1466 1208 1498 Leonarde.

206 1543 266 1575 3a.
302 1541 406 1580 Salve,
433 1541 487 1572 lux
513 1540 734 1571 amoenissima
890 1541 951 1574 3b.
983 1541 1087 1584 Salve,
1117 1543 1180 1574 dux
1206 1543 1238 1574 in
1265 1544 1326 1574 ista
1353 1545 1414 1587 via,

300 1588 413 1620 Cordis
439 1589 602 1619 illustrans
630 1588 751 1626 intima,
984 1589 1088 1628 Salve,
1116 1600 1252 1630 regnans
1277 1591 1308 1622 in
1335 1593 1448 1633 gloria,

345 1636 521 1669 Leonarde.
1031 1637 1183 1670 Alleluia.

277 1731 360 1757 Miss.
382 1730 656 1757 Fontisebraldense
678 1731 746 1765 imp.
767 1730 890 1758 Parisiis
914 1730 995 1759 1606.

623 1880 691 1910 683.
724 1880 773 1909 De
795 1883 915 1912 sancta
936 1883 1086 1914 Martha.
1121 1901 1123 1905 .

201 1970 261 2001 1a.
297 1967 393 2000 Stetit
418 1969 507 2000 Iesus
532 1968 621 1999 iuxta
645 1977 733 1999 aram
887 1972 903 2003 1
918 1971 948 2005 b.
980 1972 1058 2003 Eius
1084 1982 1246 2006 assumens
1272 1976 1408 2010 animam

344 2017 455 2056 templi
481 2016 592 2047 beatae
618 2015 766 2047 Marthae
1028 2025 1151 2052 exutam
1179 2015 1369 2066 a'corpore‚

199 2094 260 2126 2a.
297 2091 420 2123 Comite
445 2091 506 2122 sibi
531 2095 654 2122 astante
886 2093 948 2126 2b.
980 2095 1126 2128 Gloriose
1151 2097 1261 2130 locans
1287 2108 1357 2132 eam

343 2138 505 2170 Frontone
530 2139 682 2180 antistite,
1027 2143 1059 2175 in
1086 2145 1243 2185 virginum
1270 2151 1396 2188 agmine

646 2216 677 2249 3.
706 2215 782 2247 Cum
808 2215 930 2250 laetitia

701 2266 733 2294 et
758 2264 977 2300 exsultatione.

273 2360 358 2386 Brev.
380 2358 590 2394 Andegavense
611 2359 680 2393 imp.
697 2357 820 2399 Parisiis
838 2357 918 2387 1551.
952 2363 996 2395 (In
1017 2363 1068 2390 der
1081 2364 1178 2392 Messe
1198 2365 1249 2393 der
1269 2366 1310 2394 hl.
1323 2368 1462 2403 Martha.)
1476 2384 1513 2389 —

198 2397 256 2431 la,
284 2396 301 2424 ‘2
327 2396 402 2424 nach
433 2398 553 2432 „beatae
574 2395 724 2423 Marthae*
748 2397 787 2422 ist
806 2397 956 2436 beigcfiigt
979 2409 1066 2435 „suae
1087 2402 1256 2438 hospitae“,
1284 2413 1344 2433 was
1365 2407 1442 2434 wohl
1463 2409 1514 2436 be-

199 2437 309 2469 deutet,
330 2435 393 2462 dass
414 2436 548 2463 letzteres
569 2438 639 2461 statt
660 2434 710 2462 des
731 2437 860 2462 ersteren
880 2439 1006 2473 gewiihlt
1027 2440 1141 2468 werden
1163 2441 1269 2469 kfmne.
