1653 2689
183 130 207 146 ⁴st
382 135 389 141 v
400 123 417 138 .’,
432 131 434 134 ,
694 117 741 122 —
790 97 860 134 379
911 119 953 125 *-

256 158 267 168 .
280 148 348 190 -τρνΗ
366 151 373 154 -

161 196 224 230 θα.
257 194 447 232 Alexander
853 195 915 229 6b.
946 196 1024 230 Cum
1051 197 1176 228 Helena

305 249 363 275 rex
390 242 444 274 ubi
467 243 636 282 maximus,
998 245 1089 278 Paris
1114 245 1362 286 pulcherrimuS‚

256 288 325 324 Aut
347 289 494 322 Achilles
949 292 1072 324 Hector
1096 293 1213 324 Troum

302 336 358 369 ubi
383 336 632 378 magnanimus?
996 340 1050 372 ubi
1075 339 1291 372 fortissimus?

161 399 224 433 72.
258 397 471 432 Transierunt
856 402 872 434 7
888 402 918 435 b.
950 401 1014 435 Sed
1040 406 1085 443 tu,
1113 403 1210 443 Deus,

303 447 390 488 leges
416 448 598 480 mortalium
997 455 1103 482 rector
1129 450 1280 486 fidelium,

256 494 321 527 Per
345 496 438 528 unius
948 497 1016 530 Fac
1041 501 1072 529 te
1099 497 1189 530 nobis

306 543 369 575 diei
396 543 547 584 spatium.
998 546 1050 586 pie
1076 546 1261 585 propitium,

428 606 460 639 8.
488 606 567 639 Cum
595 606 634 638 de
661 607 753 638 malis

535 654 589 686 fiet
615 654 769 686 iudicium

489 701 530 733 In
557 701 608 733 die
634 702 692 734 illa
717 702 895 743 tremenda,

487 749 625 790 Quando
652 750 734 781 caeli
757 750 908 782 morendi
933 754 1009 783 sunt
1034 753 1062 782 et
1086 752 1183 783 terra.

237 842 325 878 Trop.
354 851 407 870 ms.
435 843 684 880 WingartenseOE)
709 854 784 871 saec.
815 843 858 872 13.
899 843 969 872 Cod.
1003 843 1215 879 stuttgardien.
1238 845 1291 870 ΗΒ
1312 845 1326 871 Ι
1348 844 1413 871 Asc.
1437 842 1482 871 25.

161 881 196 909 A.
217 896 256 900 —
277 879 383 909 collat.
415 890 467 910 ms.
495 882 631 909 Cassiani
657 882 816 915 (Altahen.)
843 891 917 909 saec.
950 881 991 908 ll.
1034 882 1107 910 Cim.
1129 882 1280 909 Monacen.
1304 881 1386 909 9552.
1417 880 1484 909 add.

161 927 238 947 saec.
263 916 336 946 ¹³1'14.
354 921 387 947 Β.
409 935 446 938 -
466 920 590 948 collect.
612 930 664 947 ms.
685 920 845 948 Altahense
867 930 942 947 saec.
970 919 1012 947 14.
1046 920 1117 947 Clm.
1139 920 1290 947 Monacen.
1314 918 1397 947 9640.
1419 920 1484 948 add.

162 965 240 986 saec.
264 955 307 985 14.
329 958 382 986 C‘-
405 974 435 978 -
463 957 583 986 Collect.
606 968 658 985 ms.
681 959 710 986 S.
728 958 862 986 Udalrici
880 960 1044 994 Augustani
1065 967 1141 986 saec.
1166 957 1208 985 15.
1243 959 1317 985 Clm.
1332 958 1484 986 Monaceu.

161 993 247 1024 4380.
275 994 327 1023 02.
349 1011 386 1015 -
414 996 503 1024 Grad.
531 1005 581 1024 ms.
604 997 818 1024 Iistebnicense
845 1006 920 1024 saec·
946 996 988 1024 15.
1017 999 1055 1024 in.
1097 996 1166 1024 Cod.
1189 997 1263 1023 Mus.
1288 997 1404 1023 liohem.
1427 997 1485 1024 XII

127 1035 131 1041 '
161 1034 185 1063 F
215 1032 259 1061 14.
286 1035 323 1061 D.
345 1049 380 1053 —-
408 1035 492 1062 Miss.
522 1044 574 1062 ms.
603 1035 714 1062 Viridis
739 1035 840 1062 Silvae
867 1036 936 1062 anni
962 1033 1042 1062 1466.
1084 1035 1153 1062 Coti,
1176 1035 1297 1061 Paulan.
1323 1033 1368 1061 25.
1390 1034 1415 1061 2.
1437 1033 1482 1061 30.

160 1072 252 1107 (Blas-
281 1074 386 1101 memb.
413 1071 470 1108 59.)
494 1073 530 1100 Ε.
556 1087 590 1092 -
614 1074 736 1101 Oration
778 1082 829 1100 ms.
851 1073 1078 1101 Neerlandicum
1099 1082 1174 1100 saec.
1200 1072 1241 1100 15,
1283 1072 1353 1100 Cod.
1376 1072 1485 1099 Vindo-

161 1111 268 1139 bonen.
296 1111 636 1145 (Pideikommiss-Bibl.)
663 1109 746 1139 7970.
778 1111 808 1138 F.
829 1125 865 1130 —-
893 1111 1014 1139 Collect.
1043 1120 1094 1138 ms.
1126 1111 1307 1137 Victorinum
1337 1119 1411 1137 saec.
1442 1109 1484 1139 15.

162 1149 234 1178 Cod.
254 1149 383 1177 Pal-inin.
407 1147 515 1177 15163.
536 1151 571 1178 G.
593 1164 628 1168 —
648 1148 702 1183 (Οἳ
724 1149 806 1177 nicht
826 1149 1049 1183 kollationiert).

239 1188 300 1216 Str.
329 1186 342 1214 1
370 1187 581 1220 (Introductio,
611 1197 693 1215 wozu
714 1196 781 1215 man
802 1188 860 1223 vgl.
882 1188 933 1214 Nr.
956 1185 1021 1215 7741
1041 1187 1113 1214 fehlt
1135 1187 1218 1214 BCE.
1240 1202 1275 1206 —
1300 1186 1328 1220 l,
1358 1186 1371 1214 1
1397 1189 1486 1214 maris

161 1225 280 1254 nimbus
301 1226 334 1252 F.
356 1241 392 1245 -—-
416 1224 467 1258 2³,
489 1224 507 1252 3
527 1227 603 1254 falsa
623 1228 684 1253 sint
704 1227 735 1258 C,
757 1227 796 1252 sit
817 1227 891 1253 falsa
913 1227 955 1256 1);
977 1226 1049 1252 Tam
1072 1230 1140 1252 sunt
1160 1225 1236 1253 falsa
1256 1226 1315 1253 FG.
1337 1240 1373 1243 —
1395 1226 1446 1258 221,
1467 1225 1486 1253 4

162 1265 193 1292 et
213 1272 301 1299 quam
322 1264 352 1292 C.
375 1278 413 1282 —
433 1263 487 1296 212,
520 1264 532 1291 1
555 1266 758 1292 protestantur
778 1265 814 1296 D,
844 1264 928 1297 Quod
950 1267 1095 1291 testantur
1115 1264 1148 1296 G,
1171 1264 1211 1291 Ut
1233 1268 1377 1291 testantur
1398 1265 1428 1291 F.
1450 1279 1487 1282 —

160 1301 217 1337 2b,
244 1300 262 1329 2
293 1303 370 1330 enim
394 1301 453 1336 (am
474 1303 577 1330 Raude
600 1303 826 1337 nachgetragen)
846 1303 927 1329 haec.
948 1302 981 1329 A.
1006 1317 1043 1320 —
1063 1300 1104 1329 3a
1126 1302 1184 1329 und
1206 1301 1251 1329 *db
1272 1303 1372 1329 lauten
1396 1305 1424 1329 in
1446 1302 1484 1330 G:

566 1351 616 1378 Nil
638 1351 746 1378 artium
767 1350 848 1377 valet
869 1350 1061 1385 profunditas,

567 1388 647 1416 Nihil
668 1389 787 1423 prodest
808 1397 915 1423 magna
937 1389 1086 1420 nobilitas,

566 1427 649 1455 Nihil
671 1428 754 1454 iuvat
775 1428 883 1462 regalis
905 1427 1046 1462 dignitas,

566 1465 687 1493 Nullum
709 1465 807 1492 salvat
827 1467 959 1500 corporis
981 1466 1140 1500 quantitas.

159 1512 206 1542 3a
235 1511 295 1540 und
322 1511 367 1540 3b
395 1513 564 1548 umgestellt
589 1513 620 1540 F.
642 1527 678 1532 —-
699 1511 759 1546 3a,
791 1513 802 1539 l
826 1512 908 1540 Nihil
938 1514 1020 1539 iuvat
1045 1516 1091 1544 (st.
1120 1513 1207 1546 enim)
1229 1512 1263 1544 F,
1296 1512 1377 1539 Nihil
1408 1513 1489 1540 valet

161 1552 198 1580 D.
226 1565 264 1570 -—
285 1549 341 1583 3a,
371 1548 389 1578 3
415 1550 536 1578 Nullum
564 1552 660 1579 salvat
681 1552 712 1578 F.
735 1567 769 1572 -
791 1550 849 1584 3a,
879 1550 897 1577 4
926 1552 1046 1578 honoris
1075 1552 1222 1586 quantilas
1244 1551 1280 1578 D.
1301 1565 1338 1569 —
1359 1550 1401 1578 31>
1429 1552 1488 1578 und

159 1589 206 1618 4a
229 1589 398 1625 umgestellt
419 1590 455 1617 D.
477 1603 514 1608 —
534 1588 592 1621 3b,
625 1590 637 1617 1
660 1589 743 1618 Nihil
765 1591 871 1617 artium
892 1590 924 1616 B.
949 1604 983 1609 —
1005 1589 1063 1617 3b.
1093 1589 1110 1616 2
1133 1590 1210 1616 valet
1231 1589 1303 1616 fehlt
1325 1590 1361 1618 A:
1392 1590 1487 1617 latens

159 1628 207 1662 (st.
228 1627 321 1662 valet)
340 1629 373 1655 B.
393 1642 430 1646 —
452 1626 507 1660 ab,
528 1626 546 1655 3
567 1628 617 1656 Nil
638 1629 718 1655 valet
738 1629 797 1656 diis
818 1631 852 1655 A.
874 1642 909 1646 —
932 1626 986 1660 3³),
1008 1630 1025 1654 :5
1047 1629 1104 1655 und
1125 1628 1144 1655 4
1164 1628 1264 1655 lamen
1286 1630 1316 1654 in
1338 1628 1381 1655 D:
1404 1628 1487 1655 Nihil

160 1666 242 1694 valet
262 1667 358 1694 carnis
380 1666 562 1701 iucundita83
584 1667 614 1693 in
636 1668 673 1694 F:
696 1667 778 1694 Nulli
801 1667 920 1703 prodest
941 1675 1047 1702 magna
1066 1667 1217 1694 nobilitas.
1246 1681 1274 1685 —
1297 1665 1340 1694 4a
1361 1667 1419 1693 und
1441 1667 1486 1693 412

160 1706 263 1734 lauten
285 1705 315 1731 in
336 1705 360 1732 F
380 1705 439 1732 und
461 1705 485 1732 G
506 1704 548 1739 (in
568 1705 725 1740 gekiirzter
746 1705 854 1738 Form):

433 1754 483 1780 Sic
504 1761 564 1780 uon
583 1751 648 1785 (uec
668 1753 705 1785 G)
725 1753 844 1788 prodest
863 1761 955 1788 genus
977 1757 1029 1780 aut
1050 1754 1171 1788 species,

432 1790 490 1818 Sed
514 1794 601 1818 ruunt
623 1794 655 1818 ut
675 1800 692 1817 a
714 1792 775 1818 sole
796 1792 916 1827 glacies.

159 1838 220 1872 4a,
247 1837 265 1866 2
292 1847 386 1874 genus
412 1839 459 1867 vel
487 1840 552 1870 BC.
579 1847 672 1874 genus
702 1844 731 1866 et
757 1839 790 1866 A.
814 1854 849 1858 —
879 1837 924 1866 4b
957 1838 1030 1866 fehlt
1058 1840 1089 1866 B.
1112 1854 1148 1857 —
1168 1838 1228 1871 4b,
1260 1838 1271 1866 l
1295 1840 1489 1867 Transierunt

158 1878 249 1912 (enim
271 1878 354 1907 fehlt)
374 1877 411 1905 D.
432 1893 470 1898 —
490 1876 553 1910 412,
582 1878 599 1904 2
620 1885 690 1905 vera
710 1881 756 1909 (st.
779 1878 885 1909 rerum)
905 1879 936 1905 (J.
958 1892 995 1896 —
1016 1878 1074 1905 Die
1096 1878 1242 1913 Beispiele
1262 1879 1293 1904 in
1314 1879 1370 1906 den
1391 1880 1447 1905 Str.
1470 1878 1487 1904 5

159 1916 221 1945 und
246 1914 264 1943 6
293 1916 440 1943 weehseln
467 1917 526 1944 fast
551 1918 582 1944 in
609 1916 688 1944 allen
708 1916 843 1950 Quellen.
884 1917 935 1943 Ich
964 1916 1041 1952 legte
1067 1916 1158 1943 durch
1179 1917 1285 1952 obigen
1307 1917 1383 1944 Text
1398 1917 1488 1951 jenen

159 1963 214 2000 aus
234 1956 346 2026 ,ἒὸνεὲιῗ
367 1955 535 1991 abgesehen
557 1964 615 1982 von
639 1954 691 1987 5a,
716 1954 739 1989 1,
761 1955 886 1983 welcher
907 1955 1055 1982 Halbvers
1078 1956 1107 1981 in
1129 1958 1153 1982 A
1176 1955 1268 1983 lautet
1291 1956 1367 1990 „Ubi
1382 1954 1483 1983 Paris“

156 1995 259 2062 (sinuat
278 2013 437 2069 'folgenden
458 2033 496 2060 W
499 2033 626 2060 ortlaut:

189 2079 217 2108 5.
240 2081 299 2110 Ubi
321 2080 440 2116 Caesar,
462 2081 513 2109 ubi
534 2082 702 2117 Pompeius,
884 2078 910 2107 6.
932 2080 1099 2108 Alexander
1120 2089 1169 2108 rex
1192 2081 1241 2108 ubi
1266 2083 1419 2114 maximus,

238 2120 299 2148 Ubi
319 2120 415 2148 Porus
436 2121 483 2149 vel
505 2121 556 2148 ubi
578 2120 698 2152 Darius,
933 2120 1029 2154 Atque
1044 2119 1174 2147 Achilles
1197 2120 1246 2147 ubi
1273 2121 1486 2155 magnanimus,

237 2160 296 2188 Ubi
317 2159 414 2192 Plato,
436 2159 488 2187 ubi
510 2159 665 2196 Virgilius,
932 2158 1005 2185 Cum
1031 2158 1145 2185 Helena
1158 2157 1243 2185 Paris
1265 2159 1488 2194 pulcherrimus,

235 2198 297 2227 Ubi
317 2199 453 2232 Flaccus,
477 2198 528 2225 ubi
549 2197 756 2234 Porphyrius?
936 2196 991 2224 Ubi
1015 2197 1125 2224 Hector
1146 2196 1255 2224 Troum
1276 2198 1473 2224 sortissinnm?

158 2248 182 2277 C
203 2246 256 2274 hat
276 2246 435 2283 folgenden
456 2247 622 2275 Wortlaut:

187 2294 215 2324 5.
237 2295 297 2324 Ubi
317 2295 416 2329 Plato,
437 2296 489 2323 ubi
511 2296 679 2331 Pompeius,
884 2291 910 2321 6.
933 2294 1099 2321 Alexander
1121 2303 1169 2322 rex
1191 2295 1240 2322 ubi
1267 2296 1420 2326 maximus,

236 2334 298 2363 Ubi
318 2334 422 2368 Porus,
445 2335 496 2363 ubi
517 2334 710 2371 Porphyrius,
933 2333 992 2361 Ubi
1019 2333 1130 2360 Hector
1151 2333 1259 2360 Troum
1281 2333 1466 2365 fortissimus,

235 2374 297 2403 Ubi
319 2373 438 2406 Caesar,
459 2373 510 2401 ubi
533 2373 687 2409 Virgilius,
932 2372 990 2399 Ubi
1010 2371 1135 2405 Helena,
1156 2371 1240 2399 Paris
1265 2372 1486 2407 pulcherrimus,

235 2412 299 2441 Ubi
319 2412 445 2441 Flaccus
466 2415 519 2440 aut
539 2413 590 2440 ubi
612 2413 747 2439 Marius?
932 2412 975 2438 Ac
996 2410 1127 2438 Achilles
1152 2411 1200 2438 ubi
1224 2412 1449 2446 magnanimus?
