1653 2689
1119 106 1138 108 ’·
1156 104 1270 136 rw...
1282 134 1289 140 ,
1531 130 1543 138 ,.

1191 140 1198 142 ἡ
1222 137 1228 142 ’
1326 154 1345 166 1—
1402 139 1483 171 ÷—¹.²=-·,
1511 154 1534 166 2,

734 157 778 162 —
830 137 900 173 326
948 157 996 164 -

205 236 265 269 32.
301 235 346 268 Ut
371 244 441 267 cum
468 235 571 268 beatis
894 233 956 268 3b.
988 233 1035 266 Te
1061 233 1277 266 collaudemus
1322 214 1334 244 ⁷*

300 291 396 324 super
423 284 554 316 aethera
987 290 1047 322 per
1070 282 1238 314 innumera

651 332 683 364 4.
711 328 845 361 Saecula

704 377 736 408 in
762 381 936 408 aeternum.

280 463 367 499 Trop.
395 472 448 490 ms,
472 464 629 490 Diessense
657 470 731 490 saec.
759 460 805 488 14.
845 460 919 488 Clm.
939 461 1093 488 Monaceu.
1114 459 1198 489 5539.
1219 476 1257 480 —
1277 463 1370 491 Titel:
1401 463 1522 499 „Sacer-

203 500 352 528 dotes“=
365 502 481 537 Anfang
502 502 551 528 des
573 500 774 528 Offertoriums
795 508 842 527 am
863 499 1185 528 Fronleichnamsfesoe.

633 632 701 662 645.
733 631 772 661 ln
794 631 933 662 sanctae
955 631 1084 662 Crucis.

230 714 271 749 A.
299 717 494 758 Recordare,
529 716 605 748 Iesu
632 715 769 755 Christe,
805 719 880 748 tuae
903 716 1029 758 mortis,
1064 726 1165 759 quam
1190 719 1302 757 sponte
1325 716 1451 760 subisti,
1483 720 1520 750 ut

297 763 445 805 loquaris
464 774 527 804 pro
554 764 644 795 nobis
670 764 755 796 bona
779 767 807 795 et
831 766 867 795 ut
888 767 1014 795 avertas
1039 763 1299 804 indrynationem
1325 767 1414 796 taam

204 831 263 863 la.
297 827 328 864 A
354 830 416 863 tuis
443 829 570 862 famulis
891 830 951 863 1b.
982 830 1032 862 Ne
1057 829 1113 862 fiat
1139 831 1288 870 gaudium

298 882 441 909 nostrum
466 878 607 921 singulis,
984 878 1101 910 nostris
1125 879 1269 919 aemulis,

198 945 217 977 2
233 953 261 975 a.
296 944 358 976 Pro
384 944 509 983 quibus.
536 944 619 984 Iesu,
888 944 950 978 ‘3b.
980 944 1117 976 Sustulit
1140 946 1242 976 multa

294 995 349 1023 tua
376 992 479 1030 gratia
983 992 1186 1024 cruciamina.

199 1059 259 1090 33.
295 1057 466 1089 Precamur
491 1062 618 1090 orantes
887 1058 948 1091 3b.
981 1058 1031 1090 Ne
1057 1067 1128 1090 reos
1155 1059 1266 1091 tradas
1292 1069 1349 1092 nos

296 1106 391 1137 corde
417 1105 566 1146 supplici,
978 1106 1073 1138 morti
1099 1107 1221 1146 duplici

592 1174 625 1204 4.
651 1172 695 1203 Et
719 1180 758 1202 ne
783 1177 909 1204 avertas

654 1218 767 1251 faciem
795 1224 879 1251 tuam
907 1230 926 1249 a
952 1221 1056 1254 nobis.

197 1339 241 1369 3b
273 1303 400 1367 {Iantiotn
429 1312 481 1329 ms.
508 1303 696 1330 Bohemicum
725 1304 795 1330 anni
826 1301 906 1331 1512.
948 1304 1019 1331 Cod.
1047 1304 1121 1331 Mus.
1146 1305 1266 1333 Bohem.
1289 1307 1362 1334 xm
1382 1306 1408 1332 A
1429 1305 1455 1333 2.
1477 1322 1517 1328 —

244 1362 250 1374 ‚
310 1350 374 1368 mor
388 1350 411 1367 e.

629 1434 698 1465 646.
728 1434 767 1463 In
789 1435 928 1465 sanctae
948 1437 1074 1465 Annae.

230 1516 268 1552 A.
293 1519 471 1550 Benedicta
489 1519 603 1558 Anna,
629 1522 733 1551 mater
756 1519 925 1559 yenetricis
949 1519 1122 1552 sale-aforis
1146 1521 1260 1560 nostri,
1288 1525 1316 1553 {e
1341 1521 1518 1556 laudantes

294 1567 416 1598 meritis
443 1567 506 1598 tuis
532 1566 653 1598 adim-a
679 1570 708 1599 et
732 1566 868 1606 repellas
893 1567 1114 1599 consolatione
1138 1571 1196 1600 tua

201 1634 260 1666 1a.
294 1630 346 1666 Ab
372 1632 432 1664 hac
462 1632 582 1664 familia
888 1633 949 1666 lb.
978 1635 1077 1674 Quam
1103 1638 1137 1666 tu
1164 1644 1233 1666 cum
1260 1635 1327 1667 filia

293 1684 406 1712 cuncta
432 1681 519 1721 vitia,
980 1690 1106 1721 semper
1130 1683 1233 1716 visita.

197 1750 255 1780 221.
292 1747 363 1778 Hac
388 1747 420 1778 in
443 1747 495 1778 via
884 1747 944 1782 2b.
975 1748 1019 1780 Et
1044 1757 1102 1788 per
1126 1750 1180 1789 pia

290 1804 348 1827 nos
373 1794 489 1826 adiuva
978 1796 1121 1828 subsidia

199 1863 258 1895 3a.
294 1860 361 1893 Nos
386 1861 427 1892 ad
453 1861 569 1901 gaudia
885 1861 947 1896 3b.
976 1863 1041 1896 Ubi
1066 1864 1155 1896 milia

295 1908 392 1940 ducas
419 1909 546 1951 caelica,
978 1911 1037 1942 tibi
1062 1913 1188 1952 agmina

660 1978 692 2008 4.
720 1974 861 2016 Canunt3
891 1979 993 2019 Anna,

724 2032 781 2054 nos
807 2024 904 2056 salva.

274 2108 357 2135 Miss.
379 2108 535 2136 Lundense
556 2109 625 2142 imp.
646 2108 771 2135 Parisiis
795 2107 875 2135 1514.
897 2123 933 2127 —
955 2108 1009 2141 lb,
1033 2109 1046 2137 1
1069 2114 1101 2137 tu
1121 2112 1202 2139 fehlt.
1224 2126 1257 2131 -
1280 2111 1335 2146 312,
1355 2112 1373 2140 2
1394 2122 1437 2150 sq.
1458 2115 1515 2142 tibi

201 2150 309 2175 canunt
329 2147 456 2182 agmina.
477 2161 513 2166 ——
534 2147 577 2174 Im
598 2147 719 2174 Missale
740 2146 811 2173 fehlt
828 2147 895 2181 jede
916 2148 1152 2185 Versabteilung.

273 2185 334 2212 Der
355 2184 633 2212 offertorium-Text
659 2185 709 2212 hat
735 2184 909 2219 gleichviele
931 2186 1033 2214 Silben
1061 2188 1116 2214 wie
1132 2188 1217 2223 jener
1237 2189 1288 2216 des
1309 2190 1514 2219 offertoriums

200 2222 399 2259 „Recordare“
423 2224 476 2250 auf
492 2223 540 2250 die
560 2221 753 2258 allerseligste
770 2223 916 2258 Jungsrau
930 2224 1033 2252 Maria.
1049 2240 1082 2244 —
1101 2226 1179 2254 Statt
1198 2228 1294 2255 dieses
1309 2229 1517 2257 Offertoriums

195 2265 226 2290 in
257 2262 350 2289 Prosa
376 2260 465 2289 findet
491 2261 554 2288 sich
582 2263 629 2288 ein
656 2261 868 2296 rhythmisches
895 2263 934 2288 im
962 2263 1049 2291 Grad.
1077 2273 1130 2291 ms.
1151 2266 1345 2294 Murbacense
1369 2275 1445 2295 saec.
1470 2267 1515 2295 15.

197 2301 267 2329 Cod.
289 2300 463 2328 colmarien.
484 2298 556 2326 427:

274 2357 439 2386 Recordare
460 2358 561 2387 nostri.
582 2356 676 2389 Anna,
960 2360 1094 2395 Loquere
1115 2369 1166 2396 pro
1186 2361 1273 2389 nobis
1294 2362 1381 2395 bona,

273 2397 346 2425 Cum
366 2396 472 2428 Maria,
493 2394 574 2432 prole
596 2398 655 2427 tua,
959 2398 1087 2434 Impetra
1107 2399 1209 2427 divina
1229 2399 1315 2433 dona,

311 2436 400 2462 Astas
421 2438 488 2462 ante
508 2434 684 2469 Dominum3
998 2438 1092 2465 Deum
1112 2437 1157 2464 fac
1178 2439 1347 2474 propitium.
