1653 2689
628 93 888 129 —373-

246 186 301 221 13.
326 181 426 219 Nulla
451 185 484 218 in
513 195 567 220 eos
592 189 678 221 valet
703 193 855 233 potestas,

247 828 302 862 14.

245 1464 302 1499 15,

243 2107 298 2140 16.

329 232 443 266 Donec
468 240 588 274 ponant
612 237 735 269 animas
761 242 898 280 sanctas,

330 280 515 322 Eorumque
540 283 667 325 linguae
696 282 714 301 *
741 286 846 319 claves
874 288 953 320 caeli
979 293 1052 320 sunt
1079 287 1204 329 factae3

427 330 576 363 Nubibus
603 333 720 373 dicent,

429 378 478 410 Ne
503 379 615 419 pluant
641 381 793 422 imbrem;

428 426 574 466 ipsorum
601 427 640 459 ab
667 437 722 460 ore

427 474 514 514 Ignis
541 475 651 515 exibit,

332 521 392 561 Qui
418 521 604 554 resistentes
630 532 701 555 mox
729 525 906 565 devorabit,

330 568 482 601 Debitum
512 569 613 602 donec
639 572 819 610 compleant
846 582 981 608 cursum.

426 619 468 656 R.
499 623 525 656 Ο
551 633 642 663 quam
671 623 755 656 beati

499 671 552 703 Ad
579 671 638 703 hoc
660 674 845 712 praeparati

500 719 604 752 Tanto
629 720 662 751 in
688 720 816 752 turbine

498 766 620 799 Navem
648 767 767 800 Christi
794 769 988 809 gubernare!

331 825 469 861 Occidet
495 838 548 860 eos
574 830 702 861 tandem
731 830 883 870 profanus

331 875 419 908 Nutu
446 876 506 908 Dei
532 877 716 916 permissus

331 923 449 956 Eorum
477 933 614 964 corpora
642 922 659 941 *
686 925 836 957 iacebunt
861 927 1043 968 insepulta;

427 972 537 1004 Tertia
562 973 613 1004 die

427 1020 609 1060 Resurgent
634 1021 818 1053 incolumes.

427 1067 551 1100 Inimici
578 1068 732 1100 videbunt

425 1115 468 1147 Et
495 1115 740 1147 confundentur.

329 1163 383 1195 Illi
410 1168 588 1204 resurgent,
615 1164 646 1194 in
674 1164 795 1195 caelum
823 1164 1037 1196 conscendent

331 1211 524 1250 Triumphus
551 1210 671 1251 gloriae
694 1215 869 1252 portantes,

426 1255 468 1292 R.
500 1259 526 1291 Ο
553 1268 645 1299 quam
674 1257 757 1290 beati

496 1306 549 1338 Ad
577 1306 637 1338 hoc
662 1307 848 1346 praeparati

497 1354 601 1386 Tanto
626 1354 658 1385 in
685 1354 813 1385 turbine

494 1401 616 1434 Navem
643 1402 763 1434 Christi
789 1401 984 1441 gubernare!

329 1460 407 1499 Post
433 1463 590 1504 gloriosos
615 1463 726 1495 horum
753 1463 932 1504 triumphos

328 1514 434 1544 Acuet
459 1511 562 1543 hostis
585 1511 666 1543 iram
692 1511 818 1551 iniquus

327 1559 461 1593 Modico
487 1562 633 1599 tempore
660 1556 678 1575 *
704 1563 816 1599 utpote
841 1563 1049 1600 regnaturum

424 1608 553 1640 Saeviet
578 1607 641 1647 die,

425 1655 553 1688 Saeviet
578 1660 680 1688 noete.

425 1703 572 1736 Vendere
596 1712 658 1735 non
685 1708 847 1744 potexunt,

424 1752 542 1784 Emere
566 1752 743 1792 nequibunt

329 1799 402 1832 Nisi
428 1799 615 1832 charactere
641 1801 743 1832 notati
769 1800 885 1838 fronte,

327 1848 472 1881 Dextera
497 1851 658 1888 gestantes
684 1849 745 1880 hoo
769 1857 895 1882 nomen.

425 1893 466 1931 R.
498 1897 580 1939 Heu,
607 1897 727 1939 miseri,

499 1945 579 1983 Heu,
607 1945 733 1977 miseri!

498 1993 593 2033 Quid,
620 1994 724 2032 homo,
751 1993 892 2032 ineptam

498 2041 649 2083 Sequeris
674 2042 830 2074 laetitiam
839 2040 854 2071 ’ὲ

324 2103 443 2144 Quanti
470 2105 622 2137 mundum
648 2110 798 2145 premunt
824 2105 968 2136 errores!

326 2154 389 2186 Ille
415 2152 573 2194 superbus
600 2156 729 2192 respuet
754 2161 873 2186 omnes,

327 2201 635 2242 Pseudoprophetae
662 2197 681 2216 *
707 2200 815 2232 hostes
842 2204 934 2232 erunt
961 2201 1123 2241 immanes,

426 2249 588 2281 Seducent
613 2251 733 2290 gentes,

426 2296 567 2336 Populos
593 2295 791 2337 subvertent,

424 2343 562 2384 Erigent
586 2346 724 2376 statuam

424 2391 480 2424 Illi
504 2389 651 2432 profano.
