1653 2689
429 201 431 204 ⁴
456 184 496 215 In
516 185 636 216 Natali
657 194 686 216 3.
706 184 870 216 Iohannis
889 184 1140 222 evangelistae.

249 243 399 278 Quoniam
414 243 560 272 Dominus
575 244 658 272 Iesus
673 243 809 272 Christus
829 248 963 271 sanctum
985 243 1145 271 Iohannem
1161 244 1226 280 plus
1241 252 1328 280 quam
1344 247 1456 272 ceteros

249 282 396 318 diligebat
417 283 579 317 apostolos,

483 317 525 347 In
545 318 641 348 medio
662 319 802 349 ecclesiae
822 319 941 356 aperuit
963 326 997 347 os
1018 318 1092 352 eius,

197 364 201 368 '
251 358 292 386 Ut
319 361 534 386 sacramentum
562 358 630 386 fidei
652 361 681 386 et
701 359 830 387 Verbum
851 361 1038 387 coaeternum
1059 360 1135 394 patri
1158 360 1274 394 scriptis
1298 360 1406 394 pariter
1427 362 1455 386 et

249 396 337 424 dietis
358 395 558 432 praedicaret3

482 436 508 462 et
528 433 661 468 implezit
682 441 747 461 eum
769 433 936 468 Dominus,

249 473 310 518 Qui
332 481 398 500 eum
420 474 452 500 in
473 475 586 500 tantum
608 473 721 505 dilexit
742 478 774 501 ut
795 474 825 501 in
846 482 919 501 cena
936 474 1137 500 sacratissima
1151 481 1240 508 sup1a
1255 476 1356 510 pectus
1372 483 1455 501 suum

252 519 349 547 ipsum
370 511 541 539 recumbere
563 511 754 546 permisisset,

481 547 595 584 spirant
616 547 784 584 sapientiae
806 551 831 576 et
852 548 1024 582 intellectus

251 588 318 622 Quo
338 588 503 623 inspirante
524 588 740 623 evangelizavit
760 588 875 617 dicens:
898 589 931 615 In
953 588 1097 623 principio
1119 591 1181 616 erat
1199 589 1330 621 verbum,
1351 594 1378 616 et
1394 597 1458 615 ver-

251 626 321 654 bum
341 629 405 653 erat
425 626 503 661 apud
525 627 629 658 Deum,
650 630 680 653 et
700 626 781 653 Deus
802 630 865 653 erat
885 626 1020 659 verbum3

481 663 589 692 stolam
610 662 724 699 gloriae
745 663 846 691 indute
867 672 941 691 eum.

337 702 452 731 Psalm:
474 699 599 729 Bonum
631 704 674 729 est
704 701 841 737 confiteri
870 700 1006 729 Domino
1037 703 1063 729 et
1094 700 1225 737 psallere
1256 702 1457 735 nominituo,

482 739 642 773 altissime;

250 779 322 806 Inde
349 787 403 806 nos
432 781 535 806 moniti
563 782 683 814 peccata
711 783 811 807 nostra
838 780 1009 806 confitentes
1030 780 1101 811 tibi.
1132 780 1264 811 Christe,
1292 783 1451 816 sanctoque

251 817 376 845 Iohanni
398 817 553 853 psallimus
573 817 718 844 dicentes:

482 853 522 882 In
549 853 644 883 mecho
672 854 809 883 ecclesiae
835 854 956 890 aperuit
982 863 1015 883 ος
1044 863 1106 882 etus
1133 860 1186 884 etc.
1231 855 1267 887 (1.
1290 856 1459 892 Repetitio.)

482 891 591 922 Gloria
608 892 696 929 μανι
716 895 742 921 et
762 892 826 928 fil10
847 896 873 920 et
895 893 1022 930 speri'tm
1042 896 1148 922 saneto
1170 897 1233 926 etc..

253 930 502 968 Quamsstrinitatis
513 933 639 968 gloriam
658 932 661 967 Ι
681 932 814 960 Dilectus
826 934 881 959 iste
892 934 1009 960 Domini
1028 932 1032 967 Ι
1050 933 1197 960 Iohannes
1209 932 1434 968 profundissime

251 971 291 998 Et
311 971 458 998 intellexit
480 974 508 998 et
529 971 614 998 nobis
633 971 637 1005 Ι
655 971 730 998 Eam
752 972 968 1006 pionuntiavit3

482 1007 522 1035 In
548 1006 642 1036 medio
664 1007 802 1036 eeclesiae
823 1007 944 1043 aperuit
966 1013 1019 1036 ete.
1056 1006 1093 1041 (2.
1116 1010 1285 1044 Repetitio).

214 1047 254 1074 So
276 1049 315 1075 im
335 1047 424 1083 Trop.
447 1056 500 1074 ms.
520 1047 715 1082 Sangallense
737 1056 812 1074 saec.
836 1047 878 1074 11.
916 1047 987 1075 eod.
1007 1047 1176 1079 Sangallen.
1198 1045 1270 1081 37&
1291 1047 1379 1082 Trop.
1406 1056 1457 1074 ms.

135 1084 290 1113 Mindense
321 1093 396 1113 saec.
426 1084 468 1113 ll.
518 1085 589 1113 Cod.
612 1085 777 1113 Berolinen.
806 1085 894 1112 theol.
917 1085 960 1112 IV
981 1084 1029 1115 11:
1060 1085 1147 1120 Trop.
1170 1094 1220 1111 ms.
1243 1086 1458 1121 Bambergense

135 1131 212 1152 eaeo.
230 1122 272 1151 11.
295 1124 364 1152 Cod.
380 1123 584 1151 Vindobonen.
603 1122 675 1151 1845
690 1124 749 1150 und
764 1126 794 1150 in
810 1123 865 1151 den
882 1123 988 1151 beiden
1004 1124 1155 1157 Troparen
1172 1132 1227 1149 von
1247 1124 1288 1150 St.
1301 1123 1459 1150 Emmeran

132 1161 221 1196 (saec.
239 1161 283 1189 11.
304 1162 364 1189 und
385 1170 461 1190 saec.
484 1161 557 1189 ¹¹sx2.
597 1162 670 1189 Cim.
692 1162 845 1189 Monacen.
869 1159 968 1189 14:322
989 1162 1048 1188 und
1073 1160 1191 1195 140823).

215 1200 304 1228 Nicht
323 1209 359 1226 zu
375 1200 575 1228 verwechseln
590 1202 643 1227 mit
657 1201 713 1227 den
728 1201 870 1227 Introitus
881 1204 1011 1234 tropen
1033 1200 1098 1226 sind
1121 1200 1158 1226 rh
1167 1199 1230 1235 yth
1241 1200 1375 1227 mische
1392 1199 1461 1226 oder

137 1240 345 1267 metrische
366 1240 685 1269 Introitustexte.
707 1239 816 1265 welche
839 1247 876 1265 an
899 1239 945 1265 die
960 1238 1050 1265 Stelle
1073 1238 1123 1265 des
1145 1239 1337 1273 liturgischen
1351 1239 1458 1265 Textes

136 1277 185 1305 hie
214 1277 273 1304 und
293 1278 331 1305 da
351 1277 547 1313 eindraugen‚
576 1277 636 1304 und
656 1285 715 1303 von
735 1277 830 1304 denen
850 1277 898 1304 die
921 1276 1062 1304 Analecta
1082 1277 1289 1304 verschiedene
1314 1276 1457 1312 Beispiels:

139 1315 278 1344 brachten
304 1316 373 1350 (vgl.
403 1325 430 1343 u.
459 1324 484 1342 a.
518 1315 588 1343 XIV
615 1316 648 1347 b,
676 1324 703 1351 p.
725 1313 871 1348 243-603
901 1315 1022 1347 XLVa,
1044 1324 1071 1351 p.
1093 1313 1150 1342 202
1173 1319 1247 1350 sqqss
1266 1329 1303 1333 --
1324 1315 1373 1342 Ich
1394 1316 1459 1349 fiigt·

135 1353 200 1382 hier
221 1355 269 1381 ein
290 1355 421 1390 Beispiel
443 1354 491 1381 bei
516 1362 568 1381 aus
590 1353 656 1381 dem
678 1354 760 1381 Miss.
783 1355 957 1381 vivariense
980 1355 1048 1388 imp.
1074 1354 1212 1389 Lugduni
1237 1351 1323 1380 1527:

622 1419 662 1448 In
683 1419 795 1448 sancti
818 1418 970 1456 Georgii.

718 1469 890 1502 Introitus.

483 1523 709 1553 Collaudemus*
732 1525 833 1553 muudi
854 1530 1014 1553 creatorem

521 1563 660 1600 Georgii*
680 1564 785 1591 festum
808 1564 999 1596 celebrantes,

485 1603 578 1637 Quem
601 1602 726 1630 milites*
750 1603 861 1630 habent
882 1604 912 1630 in
933 1603 1076 1635 decorem,

521 1640 682 1677 Martyria*
705 1642 788 1668 cuius
809 1642 992 1676 gratulantes

523 1680 597 1708 Sunt
620 1681 774 1715 Deumque
796 1680 958 1707 laudantes.

348 1851 406 1895 A.
448 1850 847 1902 Introductiones
879 1852 941 1896 ad
967 1851 1244 1897 Introitum.

621 1976 653 2014 Ι.
693 1976 750 2013 De
776 1978 982 2024 Tempore.

538 2044 569 2076 1.
602 2043 782 2074 Dominica
803 2044 826 2074 I.
849 2045 1019 2075 Adventus
1039 2044 1093 2075 Di.

251 2105 426 2146 Gregorius
453 2105 585 2145 praesul
611 2105 735 2138 meritis
761 2109 793 2136 et
819 2106 945 2138 nomine
972 2106 1097 2148 dignus,

249 2153 347 2187 Unde
372 2162 471 2194 genus
499 2154 599 2196 ducit,
627 2163 782 2185 summum
810 2154 996 2186 conscendit
1021 2155 1191 2192 honorem3

249 2202 432 2235 Renovavit
457 2205 663 2234 monumenta
689 2205 816 2242 patrum
843 2202 997 2243 priorum,

247 2254 326 2282 tunc
351 2250 530 2290 composuit
558 2251 642 2282 hunc
667 2249 813 2282 libellum
840 2251 980 2283 musicae
1005 2251 1085 2284 artis
1113 2251 1241 2284 scholae
1269 2253 1432 2283 cantorum

249 2299 325 2332 anni
352 2298 484 2331 circulo.

249 2347 313 2380 Eia
339 2346 402 2389 dic,
432 2347 558 2389 domne,
586 2346 654 2379 eia:

365 2394 423 2428 Aa
447 2396 478 2427 te
502 2394 606 2427 levavi
631 2395 783 2427 animam
808 2404 926 2438 meam,
953 2394 1046 2429 Deus
1070 2405 1160 2429 meus
1188 2399 1248 2427 etc.

1246 2451 1288 2471 ο*

1247 2471 1262 2480 ,ι
