1653 2689
761 94 998 130 „45ss

627 187 676 219 67.
707 188 746 218 In
767 187 957 218 Nativitate
977 186 1128 218 Domini.

772 247 807 273 In
826 246 1004 275 Gallicantu.

259 311 291 345 1.
317 312 395 344 Flos
422 313 462 345 de
487 314 581 353 spina
605 318 793 354 procreatur
945 315 977 347 3.

316 359 359 391 Et
385 370 443 400 per
468 360 577 393 florem
605 362 792 400 decoratum

318 407 370 439 Sic
395 409 501 440 Maria
528 408 728 447 fecundatur,

315 454 502 489 Fecundata
527 457 727 493 sublimatur,

361 503 494 542 Quando
520 504 605 542 parit
630 502 739 536 filium.

314 547 470 577 Dominus
493 547 572 576 dixit
592 548 633 575 ml
657 557 714 576 me:
741 548 848 577 Filius

315 594 394 614 meus
417 594 446 614 es
467 589 510 620 tu,
530 595 580 623 eqo
602 585 688 614 hodie
708 586 798 624 §enni
812 589 846 615 te.

279 670 287 677 .
315 646 411 677 Porta
437 646 544 677 clausa
570 646 784 685 pertransitur

314 692 423 732 Neque
449 697 561 731 patens
587 692 766 734 invenitur;

314 740 434 771 Manna
461 741 576 772 vermis
603 742 774 781 enutritur,

316 787 413 827 Virga
438 786 516 818 flore
541 788 722 826 redimitur,

361 835 447 866 Rosa
473 835 557 874 parit
583 835 695 868 lilium.

312 881 374 907 Pa:
397 878 497 916 Quare
511 881 699 916 fremuerunt
709 884 809 918 flentes
820 884 845 910 et

311 918 422 954 populi
443 918 575 947 meditati
596 922 666 947 sunt
688 920 824 948 inania?

1004 313 1091 346 Rore
1115 314 1219 345 vellus
1243 313 1408 355 irrigatur,

1003 360 1115 393 Rubus
1139 361 1256 393 ardens
1281 370 1344 394 nou
1367 364 1540 402 crematur,

1003 409 1136 448 Quando
1161 409 1292 441 verbum
1318 408 1506 441 incarnatur

1003 456 1047 488 Et
1070 456 1225 488 intactum
1251 459 1460 488 conservatur

1051 503 1199 536 Puellare
1225 503 1389 544 gremium.

1004 548 1113 577 Gloria
1130 548 1219 585 patri
1236 550 1264 577 et
1283 549 1346 585 filio
1368 550 1394 578 et
1414 548 1542 586 spiritui

1004 589 1110 616 sanc-to
1129 602 1166 607 —
1188 587 1388 616 saeculorum.
1433 588 1540 617 Amen.

1005 647 1128 680 Chorus
1155 651 1264 679 noster
1290 647 1482 681 iucundetur

1002 694 1212 727 Iucundando
1238 695 1438 739 sublimetur,

1000 742 1086 774 Laus
1112 742 1276 783 honorque
1302 742 1464 784 iubiletur‚

1000 790 1171 822 Iubilando
1197 795 1408 831 concrepetur

1048 837 1247 870 Benedicens
1272 839 1460 871 Dominum:

1000 882 1156 912 Dominus
1181 882 1259 912 (lixit
1279 884 1321 912 ad
1341 893 1400 913 me:
1429 883 1537 914 Filius

1002 929 1080 950 meus
1101 929 1130 950 es
1152 924 1194 957 tu,
1215 930 1265 958 eqo
1287 921 1373 951 hodie
1393 924 1484 960 9e²nui
1499 927 1536 953 te.

836 990 906 1015 anni
939 987 1023 1016 1345.
1072 989 1143 1017 Cod.
1170 990 1312 1018 Graeoen.
1345 990 1409 1020 756.
1436 993 1471 1019 A.
1499 1007 1531 1012 ·—

218 1026 352 1051 Cantion.
382 1034 433 1051 ms.
455 1025 633 1060 Tegurinum
663 1034 737 1052 saec.
763 1026 805 1053 15.
847 1027 926 1062 Cgm.
948 1028 1101 1055 Monaeen.
1124 1026 1187 1056 716.
1209 1029 1241 1055 Β.
1264 1044 1301 1048 —
1322 1030 1378 1057 Mit
1397 1031 1534 1063 Melodie‚

215 1072 242 1089 η.
265 1072 289 1089 z.
316 1062 363 1089 die
395 1063 509 1097 gleiche
528 1063 575 1089 fiir
597 1064 654 1090 alle
675 1063 693 1090 4
715 1064 869 1100 Strophen.
890 1079 928 1084 —-
951 1065 980 1097 1,
1007 1064 1024 1092 2
1047 1067 1128 1100 Quae
1150 1076 1176 1102 p.
1198 1067 1216 1093 f.
1236 1072 1423 1103 comparatur
1443 1069 1476 1096 B.
1497 1083 1535 1088 —-

216 1100 244 1133 2,
267 1099 284 1127 2
306 1102 387 1133 Quae
408 1110 461 1127 nec
482 1105 584 1136 patens
606 1102 638 1128 B.
661 1116 697 1120 —
719 1102 748 1133 2,
770 1102 787 1130 3
809 1102 866 1130 und
887 1103 905 1130 4
929 1104 1097 1139 umgestellt
1117 1105 1149 1134 B,
1172 1119 1208 1124 -
1229 1103 1260 1138 2,
1283 1105 1301 1132 4
1321 1105 1420 1134 florem
1442 1109 1473 1135 B.
1497 1123 1533 1127 —-

215 1139 242 1169 23¹,
265 1138 277 1164 1
301 1141 377 1166 Rore
399 1139 486 1166 tellus
507 1141 539 1166 B.
561 1154 596 1158 —-
618 1138 643 1169 3,
666 1138 683 1165 4
704 1142 816 1167 intacta
837 1143 871 1168 Α.
894 1156 928 1161 u
949 1140 976 1175 3,
998 1141 1015 1168 5
1037 1143 1168 1170 Puellari
1189 1145 1300 1179 gremio
1322 1145 1355 1171 A.
1378 1159 1414 1163 ——
1436 1146 1494 1173 Str.
1515 1144 1535 1173 4

215 1178 307 1204 lautet
329 1178 366 1203 im
382 1178 421 1204 A:
439 1177 550 1204 Chorus
566 1182 665 1204 noster
680 1179 853 1206 iucundetur
871 1177 874 1213 Ι
892 1181 931 1207 Et
952 1181 982 1207 in
998 1180 1114 1207 Christo
1133 1182 1292 1209 collocetur
1309 1181 1314 1217 l
1332 1183 1532 1219 Concinando‚

215 1215 425 1249 concrepando,
445 1214 448 1250 Ι
467 1216 590 1242 Matrem
612 1216 667 1243 Dei
690 1217 854 1244 venerando
874 1217 877 1251 Ι
896 1219 988 1245 Laeto
1009 1222 1097 1246 canat
1117 1221 1223 1247 animo.
1238 1235 1275 1239 —
1295 1221 1329 1248 In
1352 1222 1375 1248 A
1397 1223 1463 1249 sind
1485 1223 1533 1251 die

214 1254 435 1289 Anfangsworte
457 1253 507 1280 des
529 1254 764 1281 Introitustextes
786 1256 861 1282 nach
879 1256 960 1291 jeder
980 1257 1106 1293 Strophe
1127 1258 1308 1294 angemerkt,
1329 1259 1360 1286 in
1375 1261 1399 1288 B
1420 1261 1457 1288 ist
1478 1261 1532 1289 das

215 1291 426 1319 unterblieben.

296 987 404 1013 Dii-eet.
434 995 485 1013 me-
517 987 599 1013 chori
631 989 805 1015 secoviense

616 1358 665 1387 ὅς,
698 1359 734 1388 In
760 1359 948 1390 Nativitate
970 1360 1118 1392 Domini.

526 1460 532 1467 .
558 1435 611 1467 Ad
639 1440 788 1469 aeternae
813 1439 927 1470 salutis
953 1440 1070 1479 gaudia

560 1488 589 1514 et
617 1493 673 1515 nos
699 1485 844 1516 salvandi
871 1487 973 1525 gratia

629 1528 708 1556 Puer
732 1534 820 1558 natus
843 1534 884 1559 est
907 1531 1002 1565 nobis,

631 1570 656 1595 et
676 1568 758 1602 silius
779 1568 870 1597 datus
891 1573 933 1597 est
953 1570 1051 1606 nobis,

525 1632 531 1639 .
560 1607 638 1645 Rex,
665 1608 770 1640 lumen
799 1609 838 1640 de
863 1610 980 1642 lumine

558 1660 668 1694 regnat
696 1656 726 1687 in
754 1657 887 1696 iustitia,

629 1700 716 1728 cuius
738 1701 897 1738 imperinm
919 1712 1011 1740 super
1031 1714 1165 1734 umerum
1186 1706 1261 1743 eins,

559 1741 617 1779 Qui
645 1742 794 1774 caelestia

557 1789 651 1820 simul
677 1794 707 1820 et
733 1791 899 1822 terrestria

556 1834 702 1868 fundavit
727 1838 828 1877 patris
855 1840 1024 1880 sapientia,

627 1885 653 1909 et
675 1882 829 1912 vocabitur
849 1893 955 1914 nomen
977 1887 1041 1914 eius

522 1947 530 1954 .
558 1923 653 1954 Pater
679 1922 779 1955 futuri
804 1926 921 1957 saeculi

557 1974 587 2001 et
613 1971 758 2002 altissimi
786 1972 880 2013 filius,

628 2017 728 2052 maqm'
748 2017 870 2046 consilii
892 2019 1027 2056 angulus.

501 1608 519 1639 KQ

281 2082 368 2117 Ττορ.
398 2091 450 2109 ms.
473 2082 664 2112 Martialense
691 2086 761 2112 anni
790 2083 929 2115 933—36.
971 2088 1040 2116 Cod.
1062 2090 1188 2119 Parisin.
1220 2090 1300 2120 1240.
1322 2095 1356 2122 A.
1379 2109 1415 2114 —
1436 2095 1524 2132 Trop.

204 2129 257 2148 ms.
281 2121 471 2149 Martialense
499 2130 573 2148 saec.
606 2120 648 2148 10.
691 2122 759 2149 Cod.
782 2124 907 2152 Parisin,
932 2124 1012 2154 1084.
1034 2128 1066 2155 Β.
1089 2144 1124 2147 -
1145 2129 1234 2166 Trop.
1256 2140 1309 2159 ms.
1331 2133 1523 2163 Martialense

205 2166 280 2186 saec.
313 2157 356 2186 10.
381 2168 425 2186 ex.
467 2159 537 2187 Cod.
560 2160 685 2188 Parisin.
710 2160 789 2189 1118.
812 2163 843 2190 C.
865 2177 901 2181 -—
922 2165 1009 2200 Trop,
1030 2175 1082 2194 ms.
1104 2168 1295 2198 Martialcnse
1317 2180 1392 2199 saec.
1418 2170 1461 2199 11.
1484 2174 1524 2201 in.

204 2198 275 2225 Cod.
298 2197 424 2224 Parisiu.
448 2196 530 2226 1121.
552 2199 589 2226 D.
604 2213 639 2217 —
654 2200 741 2236 Trop.
764 2208 816 2228 ms.
837 2202 1027 2231 Martialense
1048 2214 1124 2234 saec.
1148 2205 1191 2234 11.
1221 2208 1293 2236 eod.
1309 2210 1437 2238 Par-isin.
1457 2210 1526 2239 909.

203 2235 239 2263 E.
261 2250 296 2255 -
319 2236 406 2271 Trop.
433 2245 486 2264 ms.
507 2236 719 2266 Moissiaceuse
745 2247 820 2266 saec.
851 2239 893 2267 11.
934 2242 1004 2270 cod.
1025 2243 1150 2272 Parisin.
1177 2247 1272 2274 Nouv.
1299 2257 1362 2285 aeq.
1387 2247 1469 2278 1871.
1491 2251 1523 2277 F.

204 2289 241 2293 —
266 2275 354 2310 Trop.
386 2283 439 2301 ms.
467 2275 648 2303 Nivernense
677 2285 753 2304 saec.
782 2277 825 2304 11.
868 2277 938 2306 Cod.
964 2280 1092 2309 Parisin.
1121 2282 1205 2312 9449.
1233 2285 1268 2313 G.
1294 2301 1329 2306 —
1355 2287 1444 2324 Trop.
1472 2298 1523 2317 rnS.

203 2313 410 2340 wintoniense
436 2321 511 2341 saec.
539 2312 581 2341 10.
603 2323 646 2342 ex.
691 2315 759 2343 Cod.
781 2317 923 2344 Oxonien.
947 2319 1028 2347 Bodl.
1051 2319 1113 2348 775.
1135 2323 1174 2350 Η.
1195 2338 1232 2343 —-
1253 2326 1340 2362 Trop.
1363 2335 1416 2354 ms.
1437 2327 1522 2355 Win-
1551 2353 1554 2357 ,

204 2353 337 2379 toniense
365 2359 441 2380 saec.
470 2350 514 2379 11.
556 2352 626 2380 Cod.
654 2353 728 2381 Con.
757 2354 843 2390 Corp.
866 2355 975 2384 Christi
996 2359 1215 2398 Cantabrigien.
1242 2361 1308 2391 473.
1329 2365 1352 2392 Ι.
1374 2379 1412 2384 -
1435 2366 1522 2394 Kann

203 2390 247 2418 als
269 2391 334 2418 eine
356 2390 409 2418 Art
429 2399 487 2418 von
508 2391 682 2427 Reimprosa
702 2393 809 2428 gelten.
830 2409 867 2413 —
888 2394 922 2422 In
943 2396 971 2424 H
994 2397 1054 2425 und
1074 2399 1088 2427 1
1108 2407 1163 2428 nur
1184 2401 1311 2438 strophe
1334 2401 1359 2430 1.
