1653 2689
196 194 286 232 Trop.
313 196 586 225 ms.,Martia1ense
613 204 689 225 saec.
719 194 762 225 10.
803 196 872 225 eod.
900 197 1027 224 Parisin.
1056 194 1138 223 1084.
1159 196 1193 222 A.
1215 211 1250 216 —
1272 197 1359 231 Trop.
1387 203 1440 223 ms.

118 232 311 262 Mnrfialense
338 242 415 263 saec.
445 232 489 262 10.
516 243 561 262 ex.
602 235 674 263 Cod.
701 235 829 263 Parisin.
859 233 941 262 1118.
961 235 996 262 B.
1016 249 1054 254 --
1074 235 1161 271 Trop.
1192 244 1243 262 ms.
1265 235 1294 262 S.
1317 235 1439 262 Martini

119 271 343 300 Lemovicensis
364 279 442 300 saec.
466 271 510 300 11.
531 274 571 300 in.
606 273 676 302 Cod.
693 274 820 302 Par-isin.
844 271 926 300 1120.
942 272 974 300 C.
995 288 1033 292 —
1053 273 1141 308 Trop.
1158 282 1209 299 ms.
1232 274 1261 301 S.
1276 272 1440 306 Martini(?)

119 309 343 338 Lemovicensis
369 319 446 339 saec.
476 309 519 338 11.
561 311 632 340 Cod.
657 312 785 340 Parisin.
812 308 876 339 887.
904 312 942 338 D.
967 326 1006 330 —
1034 312 1122 346 Trop.
1149 320 1200 337 ms.
1227 311 1438 338 Moissiaeeme

120 356 197 376 saec.
231 346 274 376 11.
322 348 394 376 Cod.
422 349 552 377 Par-isin.
580 351 675 377 NouV.
707 358 770 385 aeq.
802 348 884 378 1871.
912 348 947 377 Ε.
979 364 1013 369 -
1042 347 1055 376 1
1084 358 1141 376 vox
1172 349 1292 377 vincula
1314 351 1344 376 B.
1385 348 1439 379 (Zu

118 385 245 414 vinnula
263 386 324 415 und
344 387 462 414 tinnula
481 388 533 414 efr-
554 388 602 415 Du
623 387 742 424 Gange).
765 402 802 407 —
821 388 857 416 In
871 387 923 415 CD
945 387 1120 424 angewandt
1134 388 1186 416 auf
1198 388 1388 419 BenedicxuS3
1410 388 1441 414 in

121 424 149 452 D
169 425 214 453 als
236 425 292 460 „ad
313 423 434 453 Gloria“
457 425 533 453 nach
554 425 619 453 dem
640 426 756 463 Tropus
779 426 959 462 „Concrepet
979 424 1084 453 alma“.

472 557 522 589 42².
555 558 592 587 In
616 559 814 589 sanctorum
834 558 1084 589 Innocentium.

512 645 644 679 Infirma
668 646 780 679 mundi
805 646 907 688 eligis,

511 693 558 727 Ut
582 693 681 727 fortia
706 693 931 737 confunderes,

514 741 582 774 Nec
608 742 703 782 plene
729 743 881 774 membris
908 743 1073 783 praeditos

511 790 689 831 Triumpho
716 792 796 831 dans
822 791 955 822 idoneos

192 837 245 870 Ex
270 847 325 871 ore
350 838 545 879 infantium,
573 839 674 880 Deus,
703 842 732 872 et
756 838 941 871 lactentium
968 839 1133 879 perfecisti
1158 837 1287 870 laudem
1315 841 1369 870 ete.

197 932 285 968 Trop.
307 941 361 959 ms.
383 933 619 969 Sangallensew)
639 942 714 960 saec.
738 931 779 960 10.
816 933 885 961 cod.
908 933 1112 961 Vindobonen.
1136 931 1218 961 1609.
1240 934 1272 960 A.
1295 948 1328 952 —
1351 933 1439 968 Trop.

120 979 173 998 ms.
197 970 392 1006 Sangallense
413 979 488 999 saec.
512 969 555 998 10.
591 971 661 999 Cod.
684 972 852 1006 Sangallen.
875 970 940 999 484.
956 973 987 999 Β.
1010 988 1047 991 —
1067 972 1155 1008 Trop.
1177 981 1230 998 ms.
1245 971 1438 1007 Sangallenee

119 1017 195 1036 saec.
223 1007 267 1036 10.
308 1009 380 1037 Cod.
407 1010 578 1045 Sangallen.
605 1008 662 1037 378
687 1011 719 1038 C.
746 1023 781 1027 —
802 1011 891 1045 Trop.
919 1019 972 1037 me.
1001 1011 1194 1045 Sangallense
1221 1019 1297 1037 saec.
1327 1009 1370 1037 ll.
1400 1011 1439 1035 in.

120 1047 191 1074 Cod.
213 1046 382 1083 Sangallen.
405 1045 470 1075 381.
493 1049 529 1075 D.
550 1062 587 1066 —
608 1049 696 1083 Trop.
717 1057 770 1076 ωε.
792 1048 984 1083 Sangallense
1006 1057 1081 1076 saec.
1106 1047 1148 1075 ll.
1183 1048 1252 1076 Cod.
1269 1048 1437 1084 Sangallen.

118 1083 184 1112 376.
199 1084 234 1112 E.
256 1099 291 1104 —
316 1085 404 1121 Trop.
426 1094 479 1112 ms-
495 1086 689 1121 Sangallense
710 1095 784 1114 saec.
810 1086 852 1114 11.
888 1087 957 1114 Cod.
974 1087 1144 1124 Sangallen.
1158 1084 1223 1114 380.
1238 1086 1269 1113 F.
1293 1101 1328 1104 —
1349 1086 1436 1119 Trop.

118 1132 172 1150 ms.
204 1123 501 1158 Sangallense’saec.
534 1122 577 1150 11.
605 1125 646 1156 (et
674 1123 731 1159 13.)
770 1125 840 1152 Cod.
869 1125 1038 1161 Sangallen.
1066 1123 1130 1152 352.
1159 1125 1193 1152 G.
1216 1141 1251 1145 —
1270 1124 1359 1160 Trop.
1386 1133 1438 1150 ms.

117 1162 273 1190 Mindense
297 1163 369 1189 anni
392 1160 475 1189 1024.
511 1162 580 1190 Cod.
603 1163 770 1190 Berolinen.
792 1163 880 1191 theol.
900 1161 961 1190 1V⁰
984 1162 1027 1190 11.
1044 1163 1082 1190 H.
1103 1179 1139 1182 —-
1164 1161 1176 1189 1
1199 1163 1331 1197 deligens
1348 1164 1381 1190 A.
1404 1177 1440 1180 —

117 1198 135 1226 3
155 1199 288 1236 proditos
303 1200 391 1228 EFG.
412 1214 448 1219 ν-
470 1200 553 1228 Nach
577 1200 733 1235 „idone0s“
756 1199 794 1234 (4)
815 1202 902 1236 ffigen
917 1201 992 1229 CEF
1013 1201 1204 1229 unmittelbar
1225 1203 1290 1228 eine
1305 1202 1441 1228 zweite

117 1238 301 1266 Introductio
330 1239 361 1265 in
382 1239 476 1266 Prosa
503 1247 557 1266 an:
586 1239 684 1266 Hodie
712 1240 902 1275 parvulorum
927 1240 1052 1268 cunulae
1074 1241 1202 1274 pretioso
1224 1240 1440 1275 profunduntur

115 1278 221 1343 {2253
225 1277 353 1343 ’1ἓὲἐὲ
368 1277 520 1343 «Εέἑῖᾅὶῗῖ
563 1279 595 1343 ἙΞ
615 1278 1440 1351 23325313⁹J;1.{’53.25¹¹‡55aev³si1‘.i¹.¹1{{⁵1;5:d{2¹53’3553}ss

117 1353 211 1382 bleibt
231 1353 283 1381 der
303 1355 511 1381 lutroitustext
530 1354 582 1381 des
604 1355 742 1382 weiteren
764 1356 941 1389 untropiem
970 1364 1025 1382 nur
1046 1363 1093 1382 am
1116 1354 1233 1382 Schluss
1255 1354 1305 1381 des
1327 1354 1439 1382 Psalm-

117 1400 218 1420 verses
239 1391 330 1420 heisst
350 1401 381 1419 es
403 1393 433 1420 in
454 1393 479 1419 A
502 1392 561 1420 und
578 1393 617 1419 B:
641 1394 717 1427 „Qui
739 1393 834 1420 adhue
855 1393 1024 1421 hominibus
1047 1396 1142 1421 mutos
1164 1393 1250 1421 laude
1271 1396 1321 1420 tua
1344 1394 1437 1421 fecisti

114 1432 237 1467 peritos.
277 1428 398 1458 Amen.“

474 1530 524 1562 43.
557 1531 595 1560 In
615 1531 813 1561 sanctorum
834 1530 1082 1562 Innocentium.

277 1621 307 1655 1.
334 1619 500 1652 Laudibus
526 1620 661 1652 alternis
687 1629 803 1660 pueros
830 1629 1019 1653 veneremur
1044 1624 1076 1653 et
1101 1621 1240 1662 hymnis,

333 1668 418 1707 Quos
444 1667 540 1701 hodie
566 1668 714 1701 Christus
740 1670 826 1709 patri
852 1673 1038 1701 sacraverat
1063 1668 1181 1701 infans.

333 1716 358 1749 Ο
387 1725 481 1757 quam
508 1716 586 1748 felix
613 1720 661 1749 est
689 1717 787 1749 Iudae
815 1717 1039 1749 Bethlemitica
1064 1718 1170 1756 tellus,

332 1765 473 1805 Agmina
497 1774 671 1805 parvorum
698 1773 779 1805 quae
805 1765 892 1797 misit
917 1766 959 1798 ad
984 1770 1073 1797 astra
1095 1766 1259 1806 polorum!

273 1815 304 1846 5.
331 1812 403 1853 Eia,
431 1822 525 1857 nunc,
551 1822 661 1845 omnes
687 1813 790 1855 pueri,
818 1813 951 1845 iubilate
977 1823 1036 1854 per
1062 1814 1172 1845 orbem

331 1860 517 1894 Laudantes
542 1861 714 1893 Dominum
740 1862 794 1902 pia
820 1870 879 1902 per
904 1863 1078 1902 praeconia
1104 1861 1253 1895 laudum:

221 1909 276 1943 Eae
302 1919 356 1942 ore
380 1909 576 1951 infantium,
602 1909 705 1950 Deus,
733 1911 760 1942 et
787 1909 975 1943 lactentium
996 1911 1164 1950 perfecisti
1190 1909 1330 1944 laudem.

189 2006 277 2042 Trop.
305 2013 358 2033 ms.
389 2005 599 2033 wintoniense
626 2013 702 2032 saec.
733 2003 776 2032 10.
803 2014 846 2032 ex.
889 2005 957 2033 Cod.
979 2005 1122 2033 Oxonien.
1145 2006 1226 2034 Bodl.
1257 2005 1319 2034 775.
1342 2009 1380 2035 A.
1403 2023 1438 2026 —

113 2044 202 2081 Trop.
223 2054 277 2072 ms.
297 2045 507 2073 Glastoniense
521 2043 544 2078 (‘?
554 2044 780 2077 Cantuarieuse)
799 2052 875 2072 saec.
901 2042 943 2071 11.
966 2053 1013 2071 ex.
1033 2045 1073 2078 (et
1100 2043 1154 2079 12.)
1186 2044 1257 2073 Cod,
1273 2046 1437 2073 Londinen.

113 2083 208 2120 Calig.
229 2083 254 2110 A
276 2083 356 2110 XIV.
378 2084 410 2111 B.
432 2096 468 2102 ——
489 2081 508 2110 4
537 2082 573 2110 ad
594 2082 697 2110 aethra
718 2084 752 2110 B.
775 2097 810 2101 —
832 2083 909 2110 Titel
938 2084 969 2110 in
990 2084 1030 2110 A:
1060 2084 1188 2117 „Versus
1211 2088 1279 2111 ante
1300 2084 1434 2112 Officium

110 2131 148 2150 ss,
169 2119 405 2150 Innocentium“.

471 2219 520 2251 44.
555 2220 593 2251 In
615 2222 812 2252 sanctorum
834 2221 1081 2252 Innocentium.

343 2310 438 2343 Nunc
463 2311 556 2351 pueri
581 2321 680 2351 puero
706 2316 848 2352 pangant
874 2313 1046 2352 praeconia
1073 2313 1211 2355 Christo,

343 2359 483 2400 Propter
507 2368 602 2400 quem
628 2359 700 2392 fuso
724 2368 871 2392 meruere
897 2369 1011 2393 eruore
1036 2361 1145 2394 beari:

209 2408 264 2443 Ea
289 2417 345 2442 ore
369 2407 565 2448 infantium,
591 2408 694 2451 Dem,
721 2408 826 2448 fecisti
851 2407 991 2441 laudare
1015 2418 1134 2442 nomen
1160 2412 1251 2442 tuum
1280 2412 1334 2442 etc.
