1653 2689
0 0 131 200 ἓ.

26 161 51 187 ἦ.

0 221 2 230 ι

0 273 7 289 ἰ

0 295 7 307 r

168 79 285 103 mist-¹.
314 78 323 84 ⁷
685 96 732 102 -
783 77 852 113 183
902 97 948 102 —

143 173 207 207 22.
237 171 336 214 Eece,
361 180 471 213 regem
839 175 906 213 2b.
934 177 1035 217 Quem
1060 175 1203 208 futurum

240 219 366 254 Novam
390 220 494 262 legem
935 224 1153 265 Regnaturum

290 268 429 302 Dantem
455 269 543 302 orbis
570 271 706 304 circuitu
983 272 1176 312 Prophetico
1202 273 1366 306 admonitu

337 317 579 354 Praedicamus,
1031 320 1234 354 Nuntiamus.

144 361 246 400 Super
266 365 292 392 te
313 365 413 392 autem
435 364 550 392 orietur
571 363 738 400 Dominus,
759 366 785 393 et
804 364 904 402 qloria
925 365 990 393 eius
1011 366 1044 394 in
1064 368 1090 394 te
1112 365 1265 396 ridebitur.

145 405 205 437 3³.
237 403 319 436 Sunt
342 404 487 446 impleta,
841 407 903 441 3b.
937 407 1111 446 Impiorum

240 452 331 492 Quae
355 453 516 493 propheta
935 455 1126 486 ludaeorum

289 500 440 540 Quisquis
467 500 549 532 dixit
577 500 617 532 de
644 499 751 532 futuro
983 502 1089 534 Corda
1113 505 1230 543 negant
1256 506 1426 543 regnaturo

336 548 465 580 Summo
491 557 584 589 rege3
1031 550 1094 582 Sua
1118 551 1198 590 lege.

145 593 187 623 Et
206 592 411 622 ambulabunt
424 597 531 631 ,yentes
554 593 587 621 in
608 593 721 622 lumine
741 597 793 622 tuo
814 597 840 623 et
862 604 940 632 reyes
964 595 997 623 in
1017 595 1175 632 splendore
1195 598 1280 624 ortus
1302 594 1357 623 tui.

145 638 208 669 48.
241 633 386 666 Dilatata
843 637 904 669 4b.
936 636 979 667 Et
1004 637 1139 676 gentiles

240 682 309 714 Iam
336 681 464 722 privata
938 685 1030 716 Prius
1058 684 1136 715 viles

291 730 348 762 Fit
373 730 474 770 regali
500 733 660 769 potestate
987 733 1224 765 Convertuntur
1249 732 1414 764 maiestate

156 814 160 817 Α
340 777 438 810 Plebs
466 777 596 819 Iudaea,
1033 780 1203 812 Aetherea.

144 822 228 853 Leva
245 823 280 852 iu
296 823 423 853 circuitu
438 822 541 852 oculos
558 825 626 851 tuos
642 825 667 851 et
683 823 763 859 z·¹2'de;
785 832 884 853 omnes
903 825 953 853 isti
969 825 1139 862 eonyreqati
1154 827 1234 859 szmt,
1254 827 1394 854 venerunt
1408 824 1471 853 tibi.

147 868 209 901 5a.
242 864 347 897 Deum
374 873 494 906 verum,
843 866 906 899 5b.
938 866 1001 898 Sed
1028 866 1151 907 Iudaei,

242 913 363 953 Regem
389 921 499 952 regum
937 914 1029 946 Facti
1055 915 1112 952 rei,

293 960 490 994 Confitentes
517 968 576 999 per
601 960 765 993 lavacrum
985 962 1057 994 Non
1072 960 1210 993 fatentes
1224 969 1331 1001 regem
1346 969 1471 992 sacrum

341 1008 559 1041 salvabuntur
569 1017 577 1048 ς
1034 1009 1289 1043 Damnabuntur.

145 1052 179 1082 F
180 1054 226 1083 ilic·
246 1054 293 1083 tui
314 1054 349 1083 de
369 1053 454 1090 longe
474 1052 599 1087 venient,
621 1056 645 1082 et
666 1053 746 1089 filiae
766 1058 835 1083 tuae
855 1054 890 1083 (Ie
910 1054 1000 1083 latere
1022 1058 1152 1090 sument,

147 1096 210 1130 68.
244 1095 362 1128 Omnes
387 1099 498 1134 gentes
845 1096 906 1130 61).
938 1096 1018 1133 Quia
1042 1096 1134 1127 homo

244 1142 492 1183 Congaudentes
941 1143 988 1174 Sit
1015 1144 1054 1174 de
1081 1143 1174 1174 dorno

292 1191 342 1222 De
365 1194 461 1222 cantu
487 1190 642 1231 laetitiae,
988 1191 1088 1223 Natus
1116 1190 1221 1222 David
1248 1190 1354 1222 hodie.

145 1235 172 1265 T
171 1245 231 1266 unc
254 1235 367 1266 videbis
388 1237 415 1263 et
435 1235 561 1272 afflueS‚
590 1238 616 1263 et
638 1235 798 1264 mirabitur
818 1238 843 1264 ei
865 1236 1047 1264 dilatabitur
1068 1245 1118 1263 cor
1142 1239 1236 1269 tuum,
1259 1234 1381 1272 quaudo
1403 1244 1471 1265 com

221 1283 307 1305 versa
328 1273 422 1311 fuerit
443 1272 483 1301 acl
505 1277 530 1302 te
552 1273 715 1303 multitudo
738 1275 841 1307 maris,
864 1274 1013 1311 fortitudo
1033 1275 1163 1311 {Jemimn
1186 1275 1298 1302 venerit
1319 1273 1383 1303 tibi.

383 1315 413 1348 7.
444 1315 557 1353 Isaias‚
587 1315 649 1355 dic,
678 1315 717 1346 de
744 1316 873 1349 Christo
899 1316 976 1356 quid
1003 1314 1235 1355 prophetizas?

147 1365 207 1398 8a.
240 1363 300 1397 Est
326 1371 458 1396 necesse
843 1364 903 1395 ssb.
936 1363 1012 1394 Flos
1039 1363 1156 1395 deinde

244 1411 375 1451 Virgam
401 1411 488 1442 Iesse
939 1411 1053 1451 Surget
1078 1411 1163 1448 inde,

291 1460 341 1492 De
367 1458 478 1491 radice
504 1459 648 1498 provehi,
986 1460 1043 1498 Qui
1071 1463 1118 1490 est
1144 1458 1227 1490 filius
1253 1458 1326 1491 Dei.

146 1503 318 1534 Inumdatio
341 1504 522 1534 camelorum
542 1504 653 1540 operiet
675 1506 709 1537 te,
731 1503 917 1533 dromedarii
938 1502 1074 1533 Madian
1095 1507 1121 1532 et
1144 1503 1241 1541 Ephe.

147 1548 208 1580 9a.
241 1546 267 1579 O
294 1545 418 1583 Iudaei,
843 1548 862 1577 9
876 1545 906 1578 b.
940 1546 1074 1577 Vestrae
1101 1546 1182 1587 legis

243 1594 383 1626 Verbum
410 1593 471 1625 Dei
941 1593 1046 1625 Vestri
1072 1594 1156 1633 regis

289 1643 355 1675 Cur
380 1642 521 1682 negastis
548 1639 732 1672 hominem?
986 1641 1106 1674 Audite
1133 1649 1216 1672 nunc
1241 1640 1397 1672 ordinem.

147 1687 257 1717 Omnes
279 1687 314 1716 de
330 1686 415 1716 Saba
436 1687 555 1716 venient
575 1694 686 1714 αιινιιηι
709 1689 734 1715 et
754 1689 804 1716 turs
825 1685 995 1723 deferentes,
1017 1690 1042 1716 et
1061 1685 1178 1715 laudem
1195 1684 1330 1715 Domino
1351 1694 1471 1714 atenim-

184 1727 310 1762 tianles;

148 1769 232 1801 lOa.
264 1767 381 1800 Omnes
407 1770 518 1807 gentes
844 1768 884 1799 10
897 1766 927 1798 b.
960 1766 1216 1805 Confunduntur‚

264 1815 337 1848 Non
364 1815 534 1847 credentes
962 1815 1200 1846 Convertuntur

312 1863 484 1904 Peperisse
511 1862 667 1902 virginem
1008 1863 1190 1895 Maiestatis
1213 1861 1353 1894 aethere.

224 1968 295 1997 Cod.
318 1978 371 1996 ms.
393 1977 470 1996 saec.
493 1966 536 1995 14.
555 1982 592 1986 —
608 1969 774 1999 Bannister,
798 1967 863 1995 dem
885 1968 931 1995 ich
954 1968 999 1995 die
1016 1968 1168 1995 Abschrift
1182 1967 1339 1999 verdanke,
1363 1966 1471 1994 konnte

146 2007 240 2036 leider
254 2007 310 2035 den
326 2007 459 2035 Fundort
472 2006 534 2034 und
548 2006 595 2034 die
606 2007 790 2035 Provenienz
805 2006 856 2034 der
868 2007 1061 2034 Handschrift
1074 2007 1155 2034 nicht
1170 2006 1251 2033 mehr
1266 2006 1421 2033 ermitteln.
1437 2020 1469 2024 —-

145 2045 203 2079 lb,
230 2044 249 2074 2
280 2047 469 2082 Uniportum.
494 2059 530 2064 -μ
554 2044 611 2079 lb,
640 2044 658 2073 3
686 2046 828 2073 dicantes.
850 2061 886 2064 —
912 2045 941 2078 1,
969 2045 988 2072 4
1014 2046 1195 2073 Habeamus.
1222 2061 1253 2064 —
1275 2043 1333 2075 2a,
1367 2042 1379 2071 l
1407 2053 1470 2081 sqq.

780 2086 785 2093 .
844 2086 848 2090 .
909 2087 914 2091 .
1170 2084 1186 2097 .,
1217 2093 1221 2099 ¹
1326 2084 1331 2089 .
1437 2097 1472 2102 -‚

141 2094 216 2158 ἔῖἕῗ
231 2083 607 2160 ὲῗέξέἂέἓῗιῗηέΡῗῗῖ,
625 2082 1039 2160 ἷεῗέἑεξωῗιὲἰῖὲέῗὲἱὲω.
1060 2082 1186 2155 -Ἢᾌιζξ
1205 2083 1471 2158 ἕῖῗοᾚὲῗὲἶως

142 2162 290 2190 aetherea.
311 2177 348 2180 —
370 2161 430 2195 5b,
459 2159 478 2189 3
508 2161 688 2190 Confitentes
716 2171 822 2198 regem.
845 2178 881 2182 —
903 2161 963 2195 61),
992 2162 1004 2189 1
1028 2163 1104 2197 Quia
1132 2162 1213 2189 fehlt.
1235 2176 1271 2179 m
1291 2159 1348 2192 Sa,
1380 2159 1393 2187 1
1416 2161 1471 2188 Est

140 2201 222 2229 fehlt.
244 2215 281 2220 —
302 2198 362 2232 Sa,
389 2197 408 2227 2
429 2200 532 2236 Virga.
552 2215 590 2219 —
611 2199 673 2234 8b,
700 2198 719 2228 2
740 2202 843 2237 Surge.
866 2216 902 2220 —
923 2199 977 2234 93,
1005 2200 1022 2228 3
1043 2202 1167 2236 negasti.
1189 2214 1224 2219 —
1246 2198 1301 2233 9b,
1331 2198 1345 2226 l
1366 2199 1473 2227 Vestra

141 2240 189 2268 lex
216 2242 269 2268 est.
293 2253 330 2257 —
350 2237 411 2270 9b,
440 2236 458 2266 3
481 2237 589 2266 Audite
611 2248 663 2276 per
684 2240 827 2268 ordinem.
848 2255 883 2258 —
909 2238 979 2271 lob,
1010 2240 1021 2267 1
1045 2241 1154 2268 Gentes
1176 2238 1350 2274 undiqueo).
1373 2253 1408 2257 —
1431 2239 1472 2266 Zu

142 2276 204 2307 lob
219 2279 269 2306 cfr.
284 2276 344 2312 4b3
359 2276 605 2305 wahrscheinlieh
619 2279 660 2306 ist
673 2278 721 2306 die
737 2278 820 2306 echte
835 2279 1062 2315 urspriingliche
1074 2279 1198 2314 Strophe
1215 2276 1396 2313 ausgefallen
1412 2276 1470 2304 und

143 2317 209 2345 dem
224 2317 383 2346 Schreiber
403 2316 451 2344 die
473 2315 599 2352 Strophe
619 2315 664 2345 41>
687 2317 718 2344 in
741 2317 790 2345 die
804 2317 898 2345 Feder
918 2317 1102 2355 gekommen.
1118 2332 1155 2336 —
1170 2318 1285 2344 Voraus
1326 2316 1374 2342 ebt
1395 2316 1469 2343 auch

141 2355 205 2384 hier
226 2355 345 2390 wieder,
367 2355 423 2382 wie
437 2355 485 2382 bei
500 2354 551 2383 Nr.
565 2353 632 2388 387,
653 2355 705 2383 der
719 2356 905 2384 Conductus:
928 2356 1099 2384 Resonet
1117 2354 1120 2391 Ι
1137 2357 1290 2383 Intonet
1330 2354 1470 2382 Fidelis

139 2396 282 2423 contio.
