1653 2689
748 112 980 148 —24-

213 211 361 239 'rommasi
381 209 433 236 hat
453 209 484 236 in
503 207 555 236 der
573 207 710 244 Litai-gia
729 211 790 236 ant.
809 207 975 244 Hispanica
994 206 1134 239 Gothiea,
1154 205 1276 240 (Romae
1298 203 1384 239 1746)
1401 203 1445 236 11,
1467 198 1525 230 484

208 248 308 276 dieses
329 246 402 276 Lied
427 254 480 274 aus
507 246 558 274 der
582 246 790 274 bezeichneten
810 245 914 279 Quane
939 245 1046 280 edici-t,
1073 244 1134 272 und
1154 245 1208 272 auf
1223 245 1327 272 seinen
1349 243 1437 273 Text,
1466 240 1524 268 den

211 286 341 314 nachher
361 285 512 314 Diimmler
531 284 650 317 (Poetae
671 284 755 312 latini
775 284 843 311 aevi
863 282 995 311 Carolini
1014 283 1053 315 11.
1082 279 1151 318 686)
1169 282 1321 310 noehmals
1342 277 1526 317 abgedruekt

213 326 272 356 hat.
293 323 358 351 sind
379 325 431 350 wir
451 323 548 358 einzig
568 323 761 358 angewiesen.
801 322 887 349 Denn
906 321 1022 349 Folium
1042 317 1094 354 33,
1122 321 1239 348 worauf
1254 320 1302 348 die
1322 319 1414 347 Verse
1435 317 1523 346 auem

215 362 360 390 Ansehein
379 361 455 389 nach
476 360 612 393 swinden,
637 360 698 387 und
717 361 772 388 mit
790 359 851 386 ihm
877 359 927 386 die
945 359 1052 392 verse,
1075 359 1117 386 ist
1135 360 1194 387 seit
1211 359 1333 394 einigen
1354 356 1525 385 Deceunien

213 403 242 428 in
263 401 314 428 der
327 400 470 426 Vaticana
490 398 572 425 nieht
591 398 673 425 mehr
692 407 729 426 zu
749 397 855 425 finden.
895 397 979 425 Nach
999 397 1149 425 'Pommasi
1170 405 1232 424 war
1250 396 1304 424 das
1321 394 1446 423 Gedieht
1465 401 1524 421 von

213 440 293 466 einer
314 437 401 465 Hand
425 437 475 464 des
500 439 629 463 neunten
652 435 869 463 Jahrhunderts
896 436 1085 472 eingetragen
1113 435 1173 464 und
1193 433 1274 463 hatte
1295 435 1404 470 obigen
1424 432 1523 459 Wort-

214 478 284 509 laut,
304 483 543 511 ausgenommen:
564 471 582 500 3
603 474 649 500 hic
670 477 792 502 tantum.
813 487 850 494 —
870 472 887 500 9
908 473 1037 511 fastigia.

614 559 638 577 c.
669 547 859 577 Ivztrocluctio
881 547 1117 584 Antiphonem-ii.

394 607 417 635 l.
439 607 505 635 Hoc
527 615 643 642 quoque
663 606 822 642 Gregorius
845 609 943 641 patres
964 606 1000 633 de
1021 615 1100 634 more
1121 609 1238 634 secutus

477 645 658 673 Instauravit
677 653 751 680 opus
771 643 856 671 duxit
875 647 904 671 et
924 645 955 671 in
976 644 1090 672 melius.

437 684 494 710 His
515 683 600 719 vigili
622 683 716 710 clerus
738 685 864 709 mentem
884 683 1038 710 conamine
1059 682 1165 710 subdat

478 721 646 754 Ordinibus,
668 729 791 756 pascens
812 721 868 747 hoc
889 729 942 748 sua
962 720 1051 748 corda
1072 720 1148 752 favo,

390 760 415 787 5.
437 762 531 794 Quem
552 759 602 794 pia
623 758 760 786 sollicitis
782 758 914 786 sollertia
934 758 1050 786 nisibus
1071 760 1151 785 omni

477 798 647 832 Scripturae
668 805 770 832 campo
794 797 867 832 legit
888 799 917 824 et
937 796 1085 832 explicuit.

439 835 576 863 Carmina
596 833 730 862 diversas
752 838 820 862 sunt
839 834 910 862 haec
931 833 1107 862 celebranda
1122 840 1180 869 per
1199 832 1309 865 horam

477 873 642 901 Sollicitam
662 874 750 900 rectis
770 876 896 900 mentem
917 873 1054 900 adhibete
1075 873 1166 907 sonis;

439 913 552 939 Discite
575 912 729 938 verborum
751 911 860 946 legales
882 919 1001 947 pergere
1023 911 1112 938 calles

375 949 419 979 10.
479 950 645 984 Duleiaque
664 950 792 985 egregiis
813 951 928 985 iungite
948 949 1028 976 dieta
1048 948 1152 981 modis,

440 988 603 1015 Verborum
624 997 659 1015 ne
684 995 754 1015 cura
774 996 871 1019 sonos,
893 996 929 1014 ne
950 995 1020 1014 cura
1041 995 1178 1014 sonorum

478 1026 641 1053 Verborum
665 1034 782 1053 normas
804 1025 968 1052 nullificare
989 1028 1084 1059 queat.

440 1064 589 1099 Quidquid
611 1063 720 1091 honore
742 1064 795 1091 Dei
819 1064 924 1091 studiis
946 1063 1112 1091 celebratur
1133 1063 1275 1094 honestis,

477 1103 541 1130 Hoc
563 1103 683 1129 summis
704 1103 800 1137 iungit
822 1102 904 1129 mitia
925 1102 1013 1129 eorda
1034 1102 1141 1129 choris.

289 1170 447 1204 Antiphon.
472 1177 524 1195 ms-
550 1169 689 1196 Hartkeri
711 1169 912 1196 Sanaallensis
940 1168 1010 1195 anni
1042 1165 1221 1195 986—1017.
1262 1166 1331 1194 Cod.
1354 1166 1525 1202 Sangallen-

214 1205 280 1234 390.
299 1207 360 1238 (fol.
383 1205 435 1239 12).
456 1222 491 1225 -
513 1207 685 1233 Thomasi
700 1215 740 1233 us
759 1191 823 1240 (lV‚
849 1204 912 1240 171)
931 1206 984 1233 hat
1001 1205 1081 1233 diese
1093 1206 1186 1233 Verse
1207 1214 1260 1233 aus
1276 1205 1406 1241 gleieher
1423 1205 1529 1238 Quelle

216 1246 387 1281 publiziert3
409 1246 490 1272 seine
510 1244 701 1271 Publikation
722 1245 864 1271 druekten
885 1244 991 1270 wieder
1011 1244 1048 1270 ab
1078 1243 1246 1271 Clement
1264 1243 1354 1275 (Hist.
1375 1242 1471 1280 gener.
1494 1244 1529 1270 de

214 1284 242 1311 la
262 1284 397 1318 Musique
419 1283 502 1318 relig.
522 1282 607 1309 Paris
630 1280 719 1314 1860,
747 1291 773 1316 p.
794 1280 842 1315 31)
862 1282 920 1308 und
947 1281 1167 1317 Gueranger
1192 1282 1331 1312 (Institut.
1353 1281 1468 1317 Liturg.
1490 1280 1528 1309 2⁹

215 1321 283 1349 edit.
324 1321 352 1353 1,
382 1331 407 1357 p.
438 1319 515 1355 164¹),
541 1319 673 1348 Clement
693 1322 746 1347 mit
766 1320 817 1347 der
837 1321 946 1354 irrigen
966 1319 1151 1355 Einleitung:
1183 1340 1196 1354 „
1219 1340 1226 1347 .
1248 1342 1254 1347 .
1277 1329 1315 1347 on
1338 1320 1471 1347 chautait
1491 1329 1530 1348 au

215 1363 459 1387 commencemeut
491 1358 526 1385 de
555 1358 672 1385 l'annee
710 1357 944 1393 ecelesiastique.
983 1357 1161 1385 c'est-a-dire
1193 1359 1285 1386 avant
1322 1356 1457 1385 l'Intro'it
1491 1359 1530 1386 du

217 1399 342 1434 premier
363 1397 514 1424 dimanehe
538 1397 572 1424 de
593 1394 726 1427 l'Avent‚
756 1396 798 1423 les
819 1404 884 1422 vers
905 1396 1052 1423 suivants:
1080 1396 1144 1423 Hoc
1166 1404 1281 1432 quoque
1305 1396 1376 1424 etc-‘⁴
1419 1397 1491 1423 Vers
1513 1395 1530 1422 7

217 1439 282 1470 sagt
295 1435 432 1465 deutlich,
454 1434 517 1462 dass
532 1444 562 1462 es
577 1435 638 1461 sich
654 1443 701 1461 um
715 1435 768 1461 das
790 1434 1032 1469 Stundengeb
1043 1438 1077 1461 et
1097 1434 1146 1461 des
1161 1434 1316 1469 Prieneus,
1331 1435 1384 1462 das
1399 1437 1530 1468 Brevier,

213 1474 351 1506 handelt3
373 1472 447 1500 auch
468 1474 519 1500 der
538 1473 685 1507 Gesang
706 1473 802 1500 dieser
822 1472 971 1507 Dichtung
992 1474 1029 1498 ist
1051 1472 1248 1500 willkiirliche
1268 1473 1442 1510 Erfindung.

590 1604 831 1634 3.1)01ninica
853 1604 880 1634 1.
906 1604 1076 1635 Adventus
1098 1604 1148 1635 Di.

229 1696 258 1726 1.
286 1693 509 1725 Sanctissimus
910 1694 942 1726 2.
970 1693 1059 1725 Tunc
1086 1693 1253 1725 descendit

289 1749 422 1780 namque
441 1741 614 1780 Gregorius
641 1749 709 1772 cum
728 1750 839 1781 preces
970 1741 1101 1780 spiritus
1127 1745 1255 1773 sanctus
1280 1751 1378 1782 super
1403 1752 1473 1775 eum

287 1788 460 1820 effunderet
486 1789 528 1820 ad
554 1789 735 1828 Dominum,
969 1789 1003 1820 in
1027 1789 1135 1828 specie
1162 1789 1327 1822 columbae

243 1864 250 1871 ,
286 1840 321 1868 ut
346 1836 498 1868 musicum
524 1840 631 1868 tonum
658 1836 687 1868 ei
973 1840 1004 1867 et
1030 1836 1205 1868 illustravit
1231 1847 1286 1870 eor
1311 1839 1389 1880 eius,

289 1885 424 1923 desuper
447 1885 480 1916 in
506 1883 699 1916 carminibus
973 1887 1003 1915 et
1029 1884 1075 1916 sie
1103 1884 1228 1916 demum
1255 1894 1387 1918 exorsus
1413 1891 1462 1919 est

287 1932 437 1969 dedisset,
973 1941 1087 1964 canere
1113 1933 1159 1965 ita
1186 1932 1341 1968 dicendo:

558 2008 614 2040 Ad
636 2011 664 2040 te
687 2007 788 2040 let-ari
814 2008 961 2040 animam
989 2017 1095 2040 meam
1122 2013 1182 2043 ete.

291 2103 377 2137 Trop.
406 2111 457 2129 mS.
479 2102 699 2130 Nonantulense
727 2111 803 2130 saec,
832 2100 876 2129 11.
904 2104 943 2129 in.
985 2102 1055 2130 Cod.
1078 2104 1200 2130 Roman.
1227 2105 1299 2132 Vitt.
1330 2107 1435 2136 Eman.
1459 2105 1533 2136 1343

217 2141 341 2175 (Sessor,
369 2139 423 2172 b2).
445 2141 479 2169 A.
502 2155 536 2159 -—
558 2141 646 2176 Trop.
670 2149 723 2168 ms.
744 2140 966 2168 Nonantulense
986 2150 1062 2168 saec.
1086 2140 1130 2168 11.
1171 2141 1242 2170 Cod.
1264 2144 1426 2173 Bononien.
1447 2143 1532 2174 2824.

217 2181 251 2208 B.
265 2194 302 2198 —
315 2180 403 2214 Trop.
417 2188 469 2205 ms.
484 2179 704 2207 Nonantulense
720 2187 794 2206 saec.
812 2178 853 2206 11.
887 2178 956 2206 Cod.
972 2179 1094 2207 Roman.
1110 2180 1286 2210 Casanaten.
1304 2182 1376 2211 1741
1391 2184 1434 2218 (C.
1449 2185 1492 2211 IV
1506 2184 1534 2218 2)

218 2219 251 2246 C.
273 2234 308 2238 —
329 2217 417 2253 Trop.
439 2226 490 2244 ms.
512 2217 542 2244 S.
565 2218 713 2244 Benedicti
734 2218 889 2245 Mantuani
909 2225 986 2244 saec.
1009 2215 1052 2244 11.
1093 2219 1164 2246 Cod.
1179 2219 1276 2256 Capit.
1289 2222 1437 2251 Vei-enen.
1451 2222 1534 2252 CVII

217 2254 301 2291 (100).
316 2257 352 2284 D.
375 2270 409 2274 —
431 2256 518 2292 Trop.
540 2265 591 2282 ms.
607 2255 813 2283 Novaliciense
831 2263 907 2282 saec.
931 2254 973 2282 11.
1004 2254 1073 2283 Cod.
1090 2257 1234 2286 Oxouien.
1248 2260 1351 2288 Douce
1365 2257 1430 2288 222.
1445 2261 1482 2288 Ε.
1497 2277 1535 2281 -

217 2296 308 2330 Trop.
338 2303 389 2321 ms.
411 2292 612 2328 casinensem)
638 2302 712 2321 saec.
743 2292 785 2321 ll.
814 2302 857 2322 ex.
899 2293 969 2321 Cod.
992 2294 1129 2323 Vatican.
1151 2297 1222 2324 Urb.
1243 2295 1309 2325 602.
1330 2299 1361 2326 F.
1383 2313 1421 2318 —-
1443 2299 1533 2336 Trop.

219 2342 272 2361 ms.
302 2334 482 2361 pistoriense
512 2341 586 2360 saec.
618 2331 697 2367 1Ἰιε.
743 2332 812 2360 Cod.
843 2332 938 2368 Capit.
969 2333 1126 2362 pistorien.
1158 2334 1202 2363 70.
1234 2336 1268 2364 G.
1295 2351 1333 2355 —-
1360 2337 1449 2374 Trop.
1481 2348 1534 2366 ms.

217 2372 384 2400 Bobbiense
411 2379 485 2398 saec.
518 2369 560 2398 12.
601 2371 672 2398 Cod.
693 2371 852 2398 Taurinen.
873 2371 896 2397 F
921 2370 963 2398 IV
986 2369 1029 2399 18.
1050 2373 1088 2400 Η.
1110 2387 1146 2392 -
1167 2374 1256 2402 Grad.
1277 2384 1330 2402 ms.
1351 2375 1534 2405 Tolosanum

218 2419 294 2438 saec.
324 2408 365 2439 11.
407 2409 477 2438 Cod.
498 2410 660 2438 Londinen.
689 2409 772 2437 Harl.
793 2407 877 2436 4561.
898 2407 921 2436 Ι.
942 2424 977 2428 —
