1653 2689
139 232 142 237 ·
186 206 339 263 '‘zm-²⁴36,
361 210 408 251 In
429 223 482 250 me
505 215 613 250 omnis
637 225 710 257 spes
736 217 821 250 vitae
847 220 876 250 et
899 217 1039 259 virtutis,

196 264 199 266 ’
230 263 234 267 ”
363 263 440 298 Sum
466 269 555 298 certa
579 273 654 305 spes
680 265 866 305 iuventutis,

366 312 450 345 Vera
479 313 546 346 vita
570 314 756 353 senectutis,

365 359 494 394 Summa
519 362 622 394 virtus
647 371 697 394 me
723 361 852 395 secutis.

304 419 337 454 7.
362 418 518 452 Tramite
542 420 588 452 ad
613 429 662 452 me
687 429 808 460 omnes,
836 421 893 460 qui
918 421 1146 462 concupiscitis
1174 431 1233 462 me,

460 469 488 500 et
513 477 534 499 a
557 467 822 509 yeneratiom'bus
847 470 927 502 meis
954 469 1151 510 implemini,

364 514 412 548 Ut
435 516 484 548 sie
508 525 567 556 per
593 525 643 548 me
668 516 847 559 salvemini,

366 563 457 602 Quod
485 565 600 604 capitis
625 565 774 605 memini,

365 611 440 644 Meo
465 616 541 644 nato
567 613 738 651 ducemini,

366 659 444 692 Cum
471 661 542 701 ipso
569 662 754 702 epulemini.

303 717 336 751 8.
363 717 507 757 Spiritus
533 719 621 750 enim
645 727 736 750 meus
761 727 859 758 super
883 718 947 751 mel
973 719 1077 752 dulcis
1103 723 1131 752 et

463 767 623 798 hereditas
650 775 724 799 mea
748 775 846 806 supe-r
871 767 932 799 mel
958 770 985 798 et
1010 770 1134 807 savum,

368 813 463 855 Phos,
491 815 655 854 spiramen
680 815 713 846 in
740 823 796 846 cor
821 824 966 855 pravum,

367 861 522 895 Reddens
548 862 630 894 illud
658 863 762 902 dulce,
789 872 918 903 sanum3

369 909 529 942 Refocillo
555 910 776 943 christianum.

305 964 340 1000 9.
365 966 533 1000 Memoria
561 977 635 999 mea
660 968 697 998 in
720 968 943 1007 yeneratiowes
967 967 1184 1009 saeculorum,

369 1015 424 1048 Me
449 1015 598 1047 laudabit
624 1025 702 1055 grex
730 1015 894 1054 bonorum,

369 1062 441 1095 Non
468 1072 536 1094 sum
562 1063 647 1095 salus
676 1061 930 1107 [damnatorum

370 1109 537 1143 Generans
565 1111 668 1144 Deum
696 1112 838 1144 deorum.

284 1167 339 1200 10.
367 1167 430 1208 Qui
457 1167 556 1200 edunt
580 1177 639 1210 me,
668 1167 775 1200 adhuc
801 1169 952 1207 esurient,

368 1216 460 1248 Bona
483 1216 638 1248 immensa
663 1216 802 1256 capient,

368 1263 413 1297 Et
439 1263 495 1304 qui
522 1264 634 1295 bibunt
661 1274 718 1305 me,
747 1264 853 1296 adhuc
877 1265 996 1299 sitient.

368 1311 443 1344 Non
469 1313 529 1344 hac
556 1312 610 1344 siti
637 1311 807 1351 deficient;

369 1359 433 1400 Qui
458 1359 601 1392 audiunt
625 1369 685 1396 me,
712 1369 779 1391 non
806 1359 1057 1399 confundentur,

369 1407 510 1446 Mecum,
538 1408 620 1446 volo,
647 1409 705 1439 sed
730 1407 902 1441 laetentur.

369 1454 414 1488 Et
440 1455 497 1496 qui
522 1458 701 1495 operamur
726 1455 762 1486 ‘in
787 1464 847 1492 me,
875 1465 941 1487 non
964 1455 1156 1497 peccabunt,

370 1502 434 1535 Sed
461 1512 584 1535 meeum
610 1512 737 1543 semper
763 1503 971 1542 habitabunt3

371 1550 434 1592 Qui
460 1551 624 1584 elucidant
648 1561 707 1593 me,
737 1552 836 1583 vitam
863 1554 1029 1583 aeternam
1054 1550 1271 1590 possidebunt,

371 1599 545 1639 Christum,
573 1600 681 1638 vitam,
710 1599 749 1631 de
776 1609 826 1631 me
851 1604 960 1631 natum

371 1647 491 1688 Regem
518 1656 642 1688 semper
669 1648 868 1680 obtinebunt.

218 1753 306 1788 Trop.
335 1763 388 1780 ms.
410 1753 602 1781 Martialense
627 1760 703 1780 saec.
722 1752 791 1786 (11.)
814 1751 857 1780 1‘2.
877 1751 946 1787 (13.)
983 1754 1054 1780 Cod.
1076 1753 1202 1780 I'arisin.
1227 1750 1309 1779 1139.
1329 1767 1366 1770 —
1386 1749 1418 1782 53,
1449 1750 1466 1777 4

141 1793 266 1828 requies.
282 1805 318 1810 —
333 1790 360 1824 2,
382 1790 399 1818 5
414 1791 553 1820 Pei-tatus
575 1801 648 1819 sum.
664 1808 699 1811 —
717 1790 743 1821 4.
765 1791 784 1818 4
798 1792 924 1819 Pulchre
945 1795 990 1818 est
1009 1793 1098 1818 timor
1114 1792 1179 1818 Dei.
1194 1805 1230 1809 —
1246 1790 1271 1821 9,
1292 1789 1311 1817 4
1326 1791 1414 1818 Deus.
1429 1804 1465 1808 —

140 1831 197 1858 Die
219 1830 404 1867 tropierende
426 1830 552 1866 Strophe
574 1831 660 1858 reimt
680 1830 869 1867 regelmiissig
891 1832 944 1857 mit
964 1830 1029 1857 dem
1045 1830 1255 1857 Sehlussworte
1278 1828 1328 1856 des
1349 1828 1466 1856 voi-her-

139 1868 293 1905 gehenden
312 1869 534 1905 Episteltextes.

483 2041 553 2072 401.
589 2042 627 2072 In
651 2042 848 2072 sanctorum
870 2041 1119 2071 Innocentium.

459 2151 489 2185 1.
516 2149 626 2183 Omnis
654 2150 774 2184 Christi
799 2150 882 2182 actio

516 2197 630 2231 Nostri
655 2199 698 2230 sit
723 2198 912 2239 instructio·⁷

516 2246 604 2287 Ergo
629 2251 749 2288 pangat
776 2247 854 2279 haec
880 2246 984 2287 lectio,

517 2294 606 2334 Quae
631 2295 674 2326 sit
701 2295 851 2328 lobannis
878 2295 977 2327 visio:

139 2340 244 2370 Lectio
267 2339 340 2371 libri
360 2339 569 2378 Apocalypsis
591 2338 744 2369 Iohannis
765 2340 908 2378 apostoli.

460 2383 491 2414 2.
518 2381 578 2421 Qui
603 2382 718 2414 mentis
742 2382 826 2414 vidit
850 2383 919 2414 acie

517 2428 676 2462 Caelestis
700 2439 817 2463 numen
843 2430 950 2462 curiae
