1653 2689
716 133 758 140 --
808 113 878 149 220
928 134 972 139 —

586 207 654 238 426.
686 208 725 238 In
746 206 932 246 Epiphania
951 207 1099 238 Domini.

188 286 248 320 la.
281 286 395 327 Suo-qe,
422 286 521 319 infida
545 295 632 328 gens,
872 285 933 320 lb.
967 285 1012 319 Et
1036 285 1234 328 mammam,

283 334 406 367 deiecta
966 334 1080 373 cogita,

282 381 435 423 perfidia;
462 391 553 422 quem
581 382 635 413 de·
966 389 1062 422 spera
1087 384 1120 412 et
1143 383 1278 422 suspira,

281 434 435 461 monstrat
461 430 565 466 stella,
965 428 1116 461 caelestia

282 486 387 516 regem
414 486 532 517 regum⁷
560 485 718 508 venerare
967 477 1194 518 contemplare,
1219 477 1409 522 Ierusalem,

473 534 557 574 Quia
579 533 685 573 yloria
710 533 849 565 Domini
872 543 970 573 super
993 537 1022 566 te
1047 536 1119 566 orta
1145 537 1199 567 est.

262 610 382 643 Trwar.
403 617 456 635 ms.
477 608 652 636 Secm‘iense
674 609 744 635 anui
768 606 849 635 1345.
889 608 960 636 cod.
983 608 1124 635 Graecen.
1146 606 1210 636 756.
1231 623 1268 628 -—
1292 607 1343 640 la,
1366 607 1380 635 l
1402 618 1446 644 sq.
1467 611 1499 637 iu

186 646 240 673 tide
261 656 331 681 gens
353 647 448 673 deicta
463 647 609 682 perfidiae.
630 661 666 665 —-
690 646 740 680 lb,
761 644 773 672 1
791 647 966 673 illuminata.
989 661 1024 665 —-
1045 647 1159 682 Tropus
1174 656 1240 674 zum
1254 646 1497 681 Gradualversus,

184 685 289 711 dessen
310 685 383 711 Text
404 694 467 711 zum
489 685 552 711 Teil
575 685 605 710 in
627 685 674 711 die
695 685 879 720 Tropierung
900 685 1112 721 eingeflochten
1133 686 1180 712 ist.

613 805 680 835 425.
713 806 751 834 In
774 807 912 836 sanctae
935 806 1064 837 Crucis.

187 886 243 918 la.
279 885 353 924 Quis
380 884 447 923 tibi,
477 884 612 923 Christe,
640 885 769 916 meritas
875 886 934 919 lb.
972 886 1085 922 Possit,
1112 889 1145 917 ut
1173 885 1267 926 digne
1294 885 1418 919 debitas

326 932 453 964 Laudes
481 933 675 972 impendere,
1012 933 1168 966 Exsolvat
1192 933 1335 973 gratias?

326 981 384 1011 Vel
410 981 479 1019 quis
506 979 652 1011 sufficere
1014 981 1149 1012 Nostras
1175 981 1319 1013 miserias

582 1047 614 1080 2.
653 1046 776 1078 Venisti
802 1048 901 1086 gratis
927 1048 1051 1080 tollere.

183 1115 242 1146 3a.
279 1114 384 1154 Deus,
417 1114 470 1152 qui
496 1117 627 1153 propter
652 1114 809 1145 hominem
870 1114 932 1147 8b.
966 1115 1138 1147 Servorum
1163 1125 1222 1156 pro
1246 1117 1397 1156 nequitiis

278 1161 395 1192 Factus
421 1161 513 1192 homo
539 1170 597 1200 per
623 1161 775 1200 virginem
964 1161 1105 1194 Affectus
1132 1165 1330 1196 contumeliis

277 1209 353 1241 Post
378 1209 576 1247 paupertatis
602 1218 708 1250 onera,
965 1209 1016 1241 Ab
1044 1211 1150 1249 impiis
1175 1211 1343 1244 immeritis

278 1255 418 1295 Famem,
446 1254 545 1295 frigus
572 1259 602 1286 et
627 1259 732 1287 cetera
965 1258 1144 1290 Tormentis
1170 1267 1204 1289 es
1230 1260 1403 1299 expositus⁷

182 1324 242 1354 4a.
279 1322 490 1361 Nostramque
517 1323 611 1353 vitam
639 1323 749 1354 sitiens
869 1323 932 1355 4b.
967 1325 1054 1356 Patri
1081 1325 1188 1364 factus
1214 1326 1392 1367 oboediens,

324 1369 439 1401 Bibisti
465 1370 577 1401 mortis
603 1370 744 1409 calicem,
1013 1371 1137 1404 Novum
1163 1381 1276 1413 gerens
1301 1373 1467 1412 artificem.

580 1438 611 1469 5.
651 1436 734 1468 Dum
763 1437 866 1469 erucis
891 1438 1060 1478 ignomiam

651 1484 776 1516 Scalam
804 1484 883 1516 facis
910 1486 951 1517 ad
977 1486 1122 1526 gloriam.

257 1559 389 1589 Flacius.
416 1560 466 1586 ΝΥ.
488 1559 597 1587 XXIX.
622 1575 659 1578 —
679 1559 739 1589 3a.
762 1558 779 1586 ‘2
800 1561 906 1588 Factus
928 1570 967 1588 ες.
989 1576 1025 1581 -—
1046 1560 1108 1594 31),
1128 1562 1146 1589 4
1168 1563 1319 1598 expositus
1341 1565 1380 1591 ist
1400 1573 1495 1600 gegen

179 1597 235 1624 den
257 1601 337 1625 sonst
357 1598 524 1633 gewahrten
545 1599 638 1625 Reim.
660 1612 694 1617 —-
718 1598 875 1626 vielleicht
895 1600 1007 1635 Tropus
1029 1609 1094 1627 zum
1115 1601 1277 1630 Graduale:
1301 1601 1496 1637 „Christus

179 1636 306 1663 faetus
341 1640 397 1663 est
430 1645 494 1671 pro
528 1636 640 1663 nobis
675 1637 882 1665 oboediens
916 1646 1032 1674 usque
1067 1639 1107 1666 ad
1138 1642 1305 1672 mortem,
1341 1645 1495 1669 mortem

179 1678 318 1739 ἓὲἔξξιρι
331 1673 489 1739 agneis&
519 1689 549 1692 —
582 1675 637 1701 Die
665 1674 965 1712 Strophenabteilung
995 1677 1099 1704 beruht
1130 1677 1183 1705 auf
1213 1680 1276 1705 rein
1304 1678 1495 1707 technischen

282 1722 329 1739 ion
383 1733 388 1738 .

603 1797 672 1828 428.
703 1797 742 1828 Iu
766 1798 906 1828 sanctae
927 1798 1060 1830 Crucis.

527 1877 544 1908 1
572 1876 676 1917 Mors,
705 1878 788 1908 vitae
815 1877 997 1920 vivificatio,

570 1924 670 1964 Mors,
698 1928 825 1956 nostrae
851 1925 961 1958 mortis
986 1926 1197 1965 mortificatio,

571 1972 754 2005 Consolatio

572 2019 614 2051 Et
641 2020 812 2059 reparatio.

529 2071 546 2100 5
574 2067 682 2100 Primo
708 2069 833 2107 parenti
859 2070 964 2108 noxio,

570 2115 595 2148 Ο
619 2125 714 2153 mors,
741 2116 853 2158 anxia;
880 2118 974 2157 plena
1000 2117 1116 2159 gaudio

571 2162 619 2194 Tu
645 2173 678 2194 es
704 2167 814 2195 nostra
839 2165 996 2199 liberatio.

573 2211 610 2247 Ο,
636 2220 699 2243 non
725 2213 869 2251 pepercit
895 2214 1026 2253 proprio

573 2259 736 2298 Propitius
761 2265 854 2298 pater
878 2260 961 2293 filio!

505 2309 545 2339 10
571 2307 636 2339 Sed
659 2307 749 2339 nobis
775 2308 889 2341 exsilio

568 2356 691 2389 Pressis
715 2356 876 2396 Aegyptio

572 2404 686 2437 Crucis
711 2402 853 2445 afflictio,
