1653 2689
691 119 740 126 -
789 100 858 137 285
909 120 955 126 —

54 219 62 241 1
167 230 271 272 Q
364 194 1485 275 Ὶ-.;..ῗ;““ῗὸ.“Ἥ«1ῗἓῑὲῒ.·.,ὲὲ3ῑι.,ἒ“ἓὴεῗ.Ἳ’ἕ“ἷε“’ΤΞξῗςῑ..Α..·..“ε.ζῗ,ἕέἐῖὶ..ἱίὲῗς

34 289 39 298 ι
164 281 243 303 saee-
270 269 316 303 11.
342 282 384 302 m.
428 271 498 301 eod.
526 273 696 310 Sangallen.
722 272 787 302 381.
815 274 845 302 C.
867 289 904 294 —
931 275 1020 312 Trop.
1047 285 1098 303 ms.
1122 276 1316 312 Sangallense
1341 285 1416 305 saec.
1441 275 1485 305 11.

164 311 236 341 Cod-
250 310 420 349 Sangallen.
441 309 507 340 376.
522 312 558 340 D.
574 327 612 331 —
625 313 714 350 Trop.
735 322 789 341 ms,
805 313 1060 342 Heidenhemense
1081 322 1156 342 saeo-
1181 314 1223 342 11.
1255 315 1325 343 Cod.
1339 316 1483 343 Oxouien.

164 349 243 380 Sol-i.
269 358 360 386 supra
384 347 432 378 27.
457 350 494 378 E.
516 365 553 370 -—
579 348 598 378 2
619 351 803 380 Assoeiando
829 353 916 380 bonis
935 352 972 379 E.
995 368 1033 371 —
1051 353 1113 380 Der
1135 354 1207 381 Rest
1233 353 1284 381 des
1303 355 1419 390 Tropns
1446 355 1486 381 ist

164 389 332 426 prosaiseh,
359 389 504 417 niimlich:
531 389 566 418 In
588 399 646 426 quo
667 399 778 423 omnes,
809 393 860 424 qui
881 390 1038 425 laetantur,
1059 392 1203 426 gratulari
1224 392 1332 428 iugiter
1353 395 1482 428 oportet3

164 430 198 456 et
217 428 415 456 exsultate
436 429 528 455 iusti
551 431 604 456 etc.

586 560 655 591 537.
688 562 726 591 In
748 563 889 592 sanctae
912 563 1063 599 Agnetis.

338 649 364 683 Ο
390 647 507 681 fratres
534 650 611 689 cari,
637 654 783 682 sacratae
808 651 984 692 virginitati

340 696 553 730 Multimodas
577 698 690 730 laudes
718 698 896 738 depromite
923 699 1052 731 vocibus
1078 699 1152 730 altis

341 745 527 786 sponsoque
551 746 714 780 ecclesiae.
743 748 794 786 qui
822 747 1015 786 virginitatis
1040 755 1147 778 amore

339 793 477 825 Mandat
502 803 561 834 per
586 795 743 833 psalmum
769 803 896 826 carmen
923 794 983 826 hoc
1009 795 1102 827 dulce
1128 794 1322 827 canendum:

417 838 591 875 Afferentw·
613 841 673 876 regi
694 839 822 876 viraines
843 845 896 869 etc.

242 916 330 952 Trop.
356 924 409 943 ms·
432 915 625 953 Sangallense
652 925 728 945 saec.
756 915 799 944 10.
841 917 911 945 Cod.
933 916 1100 953 Sangallen.
1122 915 1186 944 378.
1209 917 1242 944 A.
1264 931 1302 935 —
1321 918 1409 952 Trop.
1430 926 1482 944 ms.

169 953 363 990 Sangallense
386 962 462 984 saec.
487 953 529 982 11.
552 955 591 981 in.
633 956 703 983 Cod.
725 955 893 990 Sangallen.
915 953 979 983 381.
1001 957 1035 982 Β.
1059 970 1090 973 -
1113 956 1201 991 Trop.
1223 964 1275 981 mg.
1291 955 1482 991 Sangallense

167 1001 244 1020 saec.
268 991 312 1019 11.
354 992 424 1020 Cod.
446 993 616 1028 Sangallen.
637 992 701 1021 376.
726 994 757 1021 C.
778 1009 814 1013 —
838 995 925 1028 Trop.
950 1003 1002 1020 ms.
1025 993 1176 1020 Mindense
1198 994 1267 1020 anni
1292 992 1371 1021 1024.
1413 994 1482 1020 Cod.

167 1030 336 1058 Berolinen.
357 1030 461 1058 Theol.
483 1032 524 1058 lv
546 1029 591 1057 11.
614 1033 649 1059 D.
671 1046 706 1051 —
729 1032 806 1059 Stets
826 1033 1033 1065 Binnenreim,
1061 1031 1111 1058 der
1138 1041 1193 1059 nur
1221 1032 1250 1057 in
1271 1032 1345 1059 Vers
1367 1031 1384 1059 2
1403 1032 1485 1059 nicht

165 1077 241 1104 ganz
262 1070 327 1096 rein
345 1067 413 1102 (e-i)
433 1070 480 1096 ist.

543 1162 612 1192 532,
647 1163 686 1193 In
708 1165 846 1193 sanctae
868 1162 1105 1195 Glodesindae.

383 1251 450 1282 Iam
478 1252 597 1283 dilecta
621 1251 683 1283 sibi
709 1256 742 1283 ut
770 1252 897 1284 Domini
923 1262 1004 1284 nova
1030 1253 1145 1293 gaudia
1172 1253 1261 1292 regni

441 1299 605 1340 Pemonet,
637 1300 789 1340 angelicis
816 1309 963 1341 consona,
990 1300 1094 1339 turba.
1121 1301 1241 1332 modis:

507 1345 684 1382 Afferentut·
705 1345 767 1382 regi
789 1345 916 1381 viraines
935 1349 1005 1381 post
1025 1354 1088 1374 eam
1110 1351 1165 1374 ete.

237 1422 324 1458 Trop.
351 1430 403 1450 ms.
426 1422 455 1450 S.
476 1422 590 1450 Arnulfi
612 1423 753 1451 Metensis
775 1432 850 1450 saec.
875 1421 917 1450 12.
939 1424 978 1449 in.
1020 1423 1090 1452 Cod.
1114 1423 1221 1450 Meteu.
1242 1421 1308 1450 452.

505 1555 574 1586 532).
607 1555 645 1586 In
668 1556 863 1586 sanctorum
886 1555 1134 1586 Innocentium.

465 1645 580 1686 Erepti
606 1654 711 1677 secum
739 1644 848 1677 fantur
871 1647 909 1677 de
935 1650 1035 1677 morte
1062 1645 1164 1677 beati:

524 1690 639 1719 Anima
660 1693 768 1720 nostra
789 1692 867 1720 Sicut
886 1700 995 1727 passer
1016 1694 1115 1727 erepta
1137 1695 1178 1720 est
1200 1697 1253 1721 etc.

233 1770 321 1806 Trop.
344 1778 396 1797 ms.
418 1769 447 1797 S.
469 1769 632 1804 Martini(?)
652 1770 873 1797 Lemovicensis
895 1778 971 1797 saeta
996 1769 1038 1797 ll.
1074 1770 1143 1797 Cod.
1166 1771 1291 1797 Parisin.
1312 1768 1376 1797 887.
1392 1770 1425 1796 A.
1441 1784 1478 1788 ——

156 1809 245 1844 Trop.
272 1818 325 1836 ms.
352 1809 564 1836 Moissiacense
593 1816 668 1836 saec.
693 1806 736 1835 ll.
779 1808 850 1835 eod.
871 1808 998 1836 Parisin.
1021 1810 1114 1836 Nouv.
1141 1818 1204 1844 aeq.
1229 1806 1310 1835 1871.
1332 1810 1364 1836 Β.
1386 1823 1422 1827 -
1444 1808 1477 1835 In

155 1848 179 1875 Β
200 1846 275 1883 folgt
294 1847 386 1874 noch:
414 1847 582 1874 quantum.
607 1846 665 1880 dic,
692 1847 748 1880 dic,
776 1855 853 1874 nune
875 1847 978 1874 inclita
999 1847 1086 1874 turha
1107 1848 1238 1882 piorum:
1271 1848 1353 1874 Nisi
1381 1846 1479 1882 quod

155 1887 338 1914 Dominus
360 1889 413 1914 etc.
433 1885 466 1918 (s.
488 1887 539 1913 Nr.
561 1882 637 1919 573).

496 2019 565 2050 540.
596 2019 635 2048 In
655 2027 684 2050 s.
706 2018 870 2050 Iohannis
891 2019 1142 2056 Evangelistae.

387 2099 520 2132 Psallite
546 2099 675 2139 dilecto,
703 2100 818 2131 meruit
843 2099 897 2140 qui
922 2099 1060 2137 laudem,
1088 2099 1241 2131 Iohanni:

460 2144 568 2175 Iustus
588 2147 623 2173 ut
638 2145 746 2182 palma
768 2145 884 2181 florebit
904 2149 958 2173 etc.

229 2223 319 2260 Trop.
347 2232 400 2252 ms.
428 2223 620 2251 Martialense
648 2225 718 2250 anni
743 2221 886 2252 933—36.
929 2223 1000 2251 Cod.
1022 2224 1147 2251 Parisin.
1172 2221 1253 2252 1240.
1275 2223 1310 2251 Α.
1331 2238 1367 2242 -
1389 2223 1478 2258 Trop.

150 2272 205 2291 ms.
230 2263 424 2291 Martialense
451 2270 528 2290 saec.
551 2259 595 2289 10.
636 2261 707 2289 Cod.
727 2261 855 2290 Parisin.
879 2259 961 2290 1084.
983 2263 1015 2290 B.
1038 2277 1075 2281 —
1095 2263 1184 2298 Trop.
1212 2271 1265 2290 ms.
1286 2262 1477 2290 Martialense

151 2310 228 2330 saec.
257 2300 301 2330 10.
328 2311 372 2329 ex.
421 2299 491 2328 cod.
518 2300 647 2328 Parisin.
677 2297 757 2328 1118.
787 2301 809 2328 C
842 2316 881 2320 —
907 2301 996 2336 Trop.
1026 2309 1079 2329 ms.
1106 2301 1299 2329 Martialense
1326 2310 1400 2329 saec.
1433 2298 1476 2327 ll.

151 2341 222 2369 Cod.
251 2341 382 2368 Parisin.
412 2337 478 2367 909.
505 2340 542 2367 D.
563 2352 602 2356 —
627 2339 716 2375 Trop.
743 2347 796 2366 ms.
823 2341 1036 2368 Moissiaeense
1064 2348 1139 2367 saec.
1172 2339 1216 2368 11.
1258 2339 1326 2367 Cod.
1350 2340 1476 2367 Parisin.

151 2379 246 2408 Nouv.
275 2387 340 2415 aeq.
363 2375 446 2406 1871.
467 2377 502 2405 E.
526 2391 562 2397 -ν
583 2376 687 2405 Gleich
717 2377 791 2405 nach
813 2379 878 2406 dem
899 2378 1091 2409 Hemmeter.
1121 2388 1174 2406 vor
1195 2380 1259 2407 dem
1280 2379 1479 2407 Offertorium-

151 2420 242 2452 texte,
260 2417 326 2454 ffigt
345 2417 372 2445 E
394 2417 458 2444 ein:
479 2415 710 2445 Gratuletur
729 2418 849 2444 omnis
870 2425 958 2445 caro
977 2417 1124 2455 (folgende
1144 2419 1214 2451 Nr.).
