1653 2689
123 123 128 126 ἡ
158 78 541 129 ‡‚⁷f‹·533!7*17.sss321†*2*‘
725 108 768 113 -
818 87 888 124 339
938 106 984 113 -

617 207 687 240 682.
719 210 768 241 De
789 211 908 242 sancto
931 211 1081 244 eodone.

423 287 526 331 Godo,
554 288 682 321 virtutis
707 291 883 333 speculum,
911 292 963 324 via
988 296 1077 325 recta
1102 292 1225 333 salutis,

423 335 485 368 Pro
510 344 606 377 grege
633 337 748 370 devoto
773 339 871 379 vigila
896 341 1007 379 procul
1033 341 1123 372 hoste
1149 345 1280 381 remoto,

421 384 520 424 Quem
545 393 676 417 servare
703 387 792 427 velis,
817 387 992 428 ascriptum
1020 389 1122 428 dirige
1149 389 1257 422 caelis.

187 468 350 534 1549Mgs.
374 468 562 505 Lingoneuse
583 471 652 507 imp.
675 471 775 500 Trecis
798 470 879 500 1520.
901 473 935 499 A.
957 487 994 492 —-·
1014 475 1096 501 Miss.
1115 473 1304 510 Lingonense
1325 475 1393 510 imp.
1409 475 1512 502 Trecis

619 590 689 621 683.
721 591 770 621 De
791 591 910 622 sancto
934 592 1083 623 Hilario.

191 667 250 699 la.
286 666 416 699 Domini
443 669 562 701 veritas
883 669 944 704 lb.
977 670 1060 702 Vera
1086 671 1247 702 humilitas

334 715 394 747 Est
419 716 452 747 in
479 716 539 748 hoc
564 717 730 758 praesule3
1025 719 1128 751 Fulsit
1155 720 1187 750 in
1213 720 1343 759 exsule;

188 783 248 816 2³..
284 782 344 822 Qui
371 782 492 816 Christi
517 783 643 816 nomine
882 785 944 817 2b.
976 786 1019 818 Et
1046 785 1126 818 caeli
1152 786 1289 818 culmine

334 829 527 863 Sublevatur
1025 833 1199 867 Gloriatur.

187 916 350 982 1520Mligss.
371 916 559 945 Pictaviense
581 918 650 952 imp.
671 918 797 945 Parisiis
821 915 902 946 1498.
917 920 950 947 A.
965 933 1001 937 —
1017 920 1099 947 Miss.
1116 919 1303 955 Lingonense
1326 921 1393 954 imp.
1409 919 1510 946 Trecis

559 1034 628 1065 684.
661 1036 709 1065 De
731 1036 850 1066 sancto
874 1036 1054 1066 Honorato
1078 1037 1135 1073 Ep.

199 1115 231 1147 1.
258 1113 488 1146 Maioricarum
515 1114 631 1146 medici
892 1118 922 1148 2.
953 1113 1165 1159 [Honoratus]
1193 1117 1224 1147 in
1252 1117 1397 1148 manibus

259 1160 507 1194 considerantes
533 1162 644 1203 perfici
973 1164 1134 1195 Monstrat
1161 1164 1390 1204 aspicientibus

307 1208 457 1241 Divinum
483 1209 685 1251 sacrificium,
1022 1211 1169 1243 Hostiam
1195 1212 1255 1243 Dei
1283 1212 1393 1252 filium,

527 1279 558 1311 3.
586 1277 627 1308 Et
653 1278 801 1317 spiritum
828 1278 1020 1316 paraclitum

591 1325 709 1357 Vident
735 1329 847 1365 aperte
872 1326 1043 1364 mysticum

635 1372 776 1412 Lapsum
802 1374 833 1404 in
862 1371 997 1404 fratrum
1024 1372 1174 1405 medium.

259 1457 343 1485 Miss.
364 1458 502 1493 Aquense
524 1460 592 1493 imp.
607 1458 745 1494 Lugduni
770 1456 850 1486 1527.
866 1472 902 1476 -—
918 1456 945 1489 3,
971 1457 983 1484 1
1008 1460 1143 1494 spiritum
1166 1463 1298 1485 sanctum
1322 1458 1506 1495 paraclitum.

626 1572 696 1602 635.
730 1573 779 1603 De
801 1573 920 1603 sancto
943 1573 1061 1602 Ivone.

182 1652 241 1685 la.
277 1650 394 1682 Sancte
419 1652 486 1693 Ivo,
515 1652 589 1683 dum
616 1652 787 1691 pandimus
874 1651 934 1686 lb.
966 1651 1115 1692 Rependi
1142 1646 1397 1692 nobis'petimus

325 1699 412 1730 Tuae
438 1700 542 1731 laudis
568 1700 736 1740 magnalia,
1016 1701 1105 1732 Tuae
1131 1701 1237 1739 precis
1264 1700 1427 1740 suffragia.

176 1769 240 1800 2a.
275 1766 363 1806 Ergo
390 1766 448 1798 tibi
472 1766 635 1807 placentia
873 1767 934 1800 2b.
967 1767 1011 1799 Et
1036 1767 1104 1799 Deo
1131 1766 1288 1799 sacrificia

324 1814 404 1851 Sint,
432 1824 512 1855 quae
539 1815 645 1846 devoti
669 1815 821 1852 canimus,
1018 1815 1088 1847 Sint
1107 1820 1208 1855 grata,
1234 1825 1315 1856 quae
1333 1815 1503 1848 offerimus.

257 1901 340 1928 Miss.
368 1900 528 1928 Baiocense
556 1901 625 1935 imp.
653 1901 810 1936 Rotomagi
841 1898 921 1927 1501.
952 1901 985 1928 A.
1008 1916 1045 1919 —
1070 1901 1151 1928 Miss.
1175 1902 1406 1928 Constanciense
1436 1901 1505 1936 imp.

178 1940 336 1974 Rotomagi
369 1936 450 1966 1524.
473 1940 506 1966 Β.
527 1953 565 1958 -—
586 1939 667 1965 Miss.
691 1940 843 1967 Leonense
872 1940 941 1975 imp.
963 1940 1088 1966 Parisiis
1113 1937 1194 1966 1526.
1217 1940 1247 1967 C.
1270 1954 1307 1958 —
1329 1940 1410 1966 Miss.
1433 1939 1505 1966 Mel-

173 1977 267 2005 dense
289 1978 359 2013 imp.
381 1977 506 2005 Parisiis
530 1975 611 2005 1556.
634 1978 668 2005 D.
693 1992 729 1996 —
754 1977 803 2010 lb,
827 1977 840 2005 1
864 1978 1002 2012 Repende
1025 1980 1065 2007 A:
1087 1978 1180 2005 Nubis
1203 1978 1322 2013 rependi
1344 1979 1376 2005 B.

579 2090 648 2122 686.
682 2092 731 2122 De
753 2091 873 2123 sancta
895 2091 1102 2122 Katharina.

457 2171 482 2204 Ο
510 2171 690 2204 Katharina
716 2172 842 2210 nobiliS,
871 2168 890 2187 *
918 2171 975 2203 flos
1004 2172 1208 2213 virginitatis,

458 2219 666 2253 nocumentis
691 2221 807 2252 artium
836 2216 854 2235 '¹‘
883 2220 1011 2252 erudita
1037 2221 1125 2258 satis,

457 2267 544 2300 Rosa
573 2267 758 2307 patientiae,
788 2265 806 2285 *
836 2267 961 2300 doctrix
989 2268 1144 2307 veritatis,
1189 2293 1194 2296 .

458 2316 598 2356 Virginis
625 2325 702 2356 roga
726 2315 838 2355 filium,
867 2312 886 2332 *
913 2321 948 2348 ut
974 2326 1031 2348 nos
1057 2317 1167 2356 iungat
1194 2316 1310 2350 beatis.

250 2401 335 2430 Miss.
358 2401 639 2429 Vallumbrosanum
660 2401 729 2436 imp.
750 2401 883 2429 Venetiis
907 2400 990 2430 1503.

1264 2449 1323 2477 22*
