1653 2689
748 137 1005 173 —194—

257 238 313 271 18.
340 235 528 269 Nescientes
553 236 678 268 thorum
707 235 817 268 delicti
843 234 975 266 crimine
1000 233 1220 272 sordidatum;

409 281 540 319 m'ryines
562 281 639 310 enim
659 284 738 310 sunt.
780 279 824 308 Hi
846 280 1015 316 sequuntwr
1035 286 1159 315 aymam,
1179 285 1366 316 qwoewmque
1384 275 1464 313 ierit,

261 325 314 357 19.
342 323 402 363 Qui
427 332 497 354 sese
522 332 581 363 pro
606 323 697 354 nobis
725 321 921 353 redimendis
947 328 1154 360 permagnum
1181 319 1272 351 dedit
1296 318 1446 360 pretium.

410 367 456 396 Hi
479 368 568 404 empti
588 370 660 395 sunt
681 376 716 396 ex
735 365 907 394 hominibus
925 364 1082 403 primitiae
1103 363 1170 394 Deo
1191 366 1218 393 et
1237 373 1326 402 aquo,

259 411 313 443 20.
342 410 417 442 Oum
444 419 506 449 quo
531 410 690 440 laetantur
716 412 745 438 et
771 407 803 438 in
830 406 968 438 aetheris
994 415 1068 437 arce
1092 406 1249 445 locantur,

409 457 434 482 et
455 455 486 482 in
509 462 558 482 ore
578 462 677 481 eorum
703 461 760 482 non
783 454 825 480 est
847 452 995 481 inventum
1018 450 1216 484 mendacium,

260 497 315 529 21.
342 495 401 535 Qui
427 496 506 526 nihil
534 500 663 533 egerunt
691 493 765 524 mali
791 502 850 524 nec
875 494 1020 532 cuiquam
1047 496 1240 532 nocuerunt3

411 540 474 568 sine
496 538 611 568 macula
632 541 704 566 sum
725 541 795 566 ante
814 537 958 566 thronum
979 536 1047 565 Dei.

260 583 314 614 22.
343 581 434 612 Felix
461 581 592 612 istorum
620 580 749 610 nimium
776 587 861 610 mors
886 583 935 610 est
959 587 1140 618 puerorum,

340 629 483 668 Regnum
508 627 666 659 caelorum
695 626 778 666 quod
807 627 862 657 dat
886 626 1043 665 finemque
1068 626 1224 658 laborum.

298 724 383 759 Trop.
405 730 457 749 ms.
479 723 626 757 Pragense
648 730 723 748 saec.
747 718 790 747 13.
831 721 901 748 Cod.
924 722 1019 755 Capit.
1040 721 1164 757 Pragen.
1190 720 1262 747 Cim.
1283 718 1311 746 4.
1335 719 1369 746 A.
1390 733 1428 736 —
1447 718 1536 753 Trop.

223 765 251 788 et
272 762 353 788 Pros.
382 769 434 787 ms.
456 761 573 787 Amesti
596 760 753 794 Pragensis
782 760 851 785 anni
876 756 957 786 1363.
998 759 1068 786 Cod.
1090 759 1186 792 Capit.
1208 758 1331 793 Pragen.
1352 757 1376 783 P
1398 755 1424 784 9.
1446 758 1479 784 Β.
1500 770 1538 775 -—

223 799 254 829 1,
286 799 297 826 1
328 799 482 826 infantium
504 799 542 831 B;
570 798 672 825 festum
700 798 771 825 fehlt
794 799 824 824 B.
847 812 882 815 ——
904 796 922 823 2
943 797 996 824 Cui
1018 805 1072 823 sua
1093 798 1130 825 A:
1158 797 1255 823 thoria
1275 797 1310 822 A.
1330 809 1368 813 -—
1391 794 1440 826 14,
1467 793 1485 822 3
1505 797 1538 821 tu

222 838 293 864 fehlt
315 838 373 864 AB.
395 851 431 854 —
455 835 497 866 15.
519 835 537 864 2
558 836 597 862 Et
619 836 690 862 fehlt
712 838 742 863 Η.
766 850 803 853 —
823 833 868 868 22,
892 834 905 862 1
929 835 1012 862 Felix
1032 836 1174 862 iustorum
1196 835 1228 861 B.
1247 849 1285 852 —
1299 833 1449 860 wahreud
1463 833 1538 861 Vers

224 874 310 905 1—-3.
342 874 387 908 12,
423 874 470 905 13,
500 872 613 902 20——22
634 874 814 901 leoninische
836 874 1014 900 Hexameter
1034 873 1100 900 siud
1121 872 1179 900 und
1200 873 1272 899 Vers
1294 870 1398 904 6—11,
1427 870 1538 898 14-17

223 915 307 941 einen
335 914 478 947 gewissen
499 913 662 948 Rhythmus
691 913 838 939 erkennen
869 912 981 941 lassen.
1010 912 1210 946 prasentieren
1237 911 1300 937 sich
1321 909 1395 936 Vers
1419 907 1453 937 18
1479 909 1539 936 und

223 950 258 978 19
279 953 323 978 als
346 952 424 979 reine
446 952 547 978 Prosa.

569 1082 636 1112 403.
670 1083 707 1112 In
729 1083 925 1112 sanctoruni
947 1081 1193 1111 Innocentium.

489 1174 518 1206 1.
547 1173 642 1210 Laus,
669 1171 779 1211 honor,
807 1172 907 1202 virtus
934 1167 1004 1213 [sit]
1034 1170 1102 1201 Deo
1128 1172 1249 1210 nostro,

546 1219 650 1251 Decus
683 1220 742 1259 (et)
768 1219 935 1258 imperium
962 1218 1029 1257 regi
1056 1222 1164 1249 nostro

546 1267 594 1299 De
621 1271 800 1298 sanctorum
827 1267 1028 1298 innocentum
1055 1264 1208 1305 tripudio,

546 1315 605 1353 Qui
632 1318 749 1353 quanto
775 1315 977 1354 praepollent
1003 1313 1131 1344 honoris
1156 1312 1262 1351 titulo,

547 1362 704 1394 Praesens
731 1362 821 1393 nobis
847 1361 987 1393 ostendit
1013 1360 1102 1392 lectio

622 1406 692 1434 libri
712 1407 920 1443 Apocalypsis
941 1405 1094 1433 Iohannis
1118 1403 1259 1440 apostoli,

551 1448 609 1485 Qui
636 1453 669 1478 ut
696 1447 802 1487 aquila

548 1495 614 1527 Soli
641 1494 781 1534 defigens
807 1495 926 1526 lumina

549 1542 637 1575 Caeli
663 1544 754 1582 petiit
781 1543 901 1583 limina,

546 1590 587 1623 Et
613 1590 827 1622 testimonium
849 1589 996 1630 perhibet
1024 1590 1063 1620 de
1089 1590 1156 1621 his:

546 1638 590 1670 In
617 1638 728 1670 diebus
754 1638 820 1670 illis

548 1686 642 1725 Eece,
671 1695 727 1726 ego
754 1686 909 1716 Iohannes
938 1685 1002 1716 ridi
1028 1695 1129 1725 supra
1156 1687 1294 1716 montem
1322 1700 1370 1705 —

623 1733 693 1759 rente
713 1731 851 1759 thronum
874 1729 940 1758 Dei.

493 1450 522 1480 ἸΨ

238 1775 269 1807 3.
296 1772 400 1809 Unde,
428 1772 564 1811 Christe,
591 1773 763 1811 supplices.
924 1775 955 1804 4.
984 1771 1102 1802 Laudis
1128 1779 1203 1809 ergo
1229 1769 1331 1810 gloria

298 1820 391 1852 Tanti
419 1820 493 1851 doni
519 1828 672 1851 memores
983 1819 1056 1851 Tibi
1083 1819 1124 1850 sit
1151 1822 1181 1848 et
1207 1818 1309 1858 gratia

297 1868 425 1900 Laudes
450 1867 509 1898 tibi
536 1867 699 1898 reddimus
984 1866 1081 1898 Patre
1106 1875 1177 1898 cum
1203 1866 1369 1901 altissimo,

296 1915 451 1948 Altisonis
479 1916 618 1947 vocibus.
982 1915 1041 1954 Qui
1067 1918 1179 1955 regnat
1205 1923 1265 1954 per
1289 1912 1429 1946 saecula.

660 1966 690 1996 5.
718 1965 820 1994 Amen
848 1963 955 1994 dicant
981 1963 1097 1995 omnia.

300 2060 388 2095 Trop.
419 2062 447 2085 et
477 2059 558 2085 Pros.
590 2067 642 2084 ms.
675 2058 842 2085 Parisiense
871 2059 1059 2090 (‘?RemenseJ
1089 2066 1164 2085 saec.
1198 2054 1241 2084 13.
1289 2056 1361 2085 Cod.
1390 2056 1543 2084 Commun-

224 2099 365 2125 Assisien.
394 2095 458 2123 695.
485 2097 518 2124 A.
543 2111 579 2115 ——
606 2097 694 2132 Trop.
723 2105 774 2123 ms.
805 2096 1001 2132 Anglicumffl)
1027 2105 1103 2123 saec.
1134 2094 1177 2123 13.
1205 2094 1431 2132 (fragmentum).
1471 2093 1542 2122 eod.

225 2136 387 2163 Londineu.
412 2136 496 2162 Harl.
520 2132 601 2162 1010.
624 2135 655 2161 B.
678 2149 712 2153 -
729 2136 816 2168 Trop.
839 2144 890 2161 ms.
905 2135 1096 2162 Martialense
1117 2143 1193 2163 saec.
1213 2133 1291 2169 (11.)
1304 2132 1348 2162 12.
1367 2131 1438 2166 (13.)
1470 2131 1543 2161 eod.

224 2176 350 2201 Pan-isin.
376 2171 456 2200 1139.
479 2176 510 2201 C.
534 2189 567 2193 —
590 2173 673 2200 Folia
701 2183 754 2200 rus.
782 2174 883 2200 incert.
905 2175 1009 2207 origin.
1032 2182 1108 2201 saec.
1132 2171 1174 2201 14.
1197 2174 1228 2200 in
1248 2173 1395 2200 Psalterio
1416 2171 1542 2207 quodam

226 2215 311 2249 impr.
339 2211 478 2240 Biblioth.
504 2211 662 2249 Angelieae
698 2209 778 2239 1419.
802 2212 836 2238 D.
858 2226 894 2230 —
920 2211 949 2241 1,
977 2209 996 2238 3
1023 2213 1223 2240 innocentium
1245 2212 1278 2239 Β.
1300 2227 1328 2231 -
1360 2209 1390 2244 1,
1417 2209 1436 2238 4
1461 2218 1545 2245 prae·

224 2252 357 2287 polleant
376 2251 412 2277 D.
434 2266 470 2268 —
491 2248 522 2281 2,
554 2248 625 2277 1—3
653 2250 749 2277 fehlen
775 2250 861 2278 ΑΒΕ.
881 2265 918 2268 -
942 2248 973 2281 2,
999 2250 1019 2277 4
1039 2251 1097 2284 Qui
1117 2250 1202 2278 ABC.
1223 2265 1262 2268 —-
1282 2251 1339 2278 Die
1359 2249 1545 2284 Tropieruug

224 2291 276 2317 der
289 2289 404 2326 Epistol
426 2290 465 2315 ist
484 2290 523 2316 im
545 2288 668 2324 iibrigen
686 2290 748 2316 rein
763 2289 924 2323 prosaiseh.
940 2303 978 2307 —
992 2290 1052 2316 Der
1067 2288 1267 2325 rhythmische
1281 2287 1438 2316 Abschlurs
1454 2286 1544 2314 findet

226 2329 289 2356 sich
310 2337 365 2355 nur
385 2329 415 2354 in
429 2328 463 2354 A.
485 2343 522 2345 ἡ
541 2327 568 2360 4,
590 2326 608 2353 4
629 2336 680 2362 per
701 2327 884 2354 saeculorum
907 2328 1025 2355 saecula
1039 2329 1074 2355 A.
1093 2344 1131 2346 —
1149 2326 1172 2360 1,
1197 2326 1210 2354 1
1233 2328 1293 2355 und
1313 2325 1332 2355 2
1352 2324 1455 2354 bilden
1467 2324 1542 2354 auch

224 2368 281 2394 den
311 2367 428 2401 Anfang
459 2367 541 2393 eines
572 2370 653 2392 sonst
684 2365 874 2402 prosaischen
905 2367 1019 2402 Tropus
1050 2376 1103 2394 zur
1133 2366 1308 2394 Communio
1339 2365 1391 2401 (im
1420 2365 1544 2392 Priimer

224 2406 362 2441 Tropar);
383 2405 496 2432 danach
519 2406 557 2431 ist
578 2405 673 2432 meine
694 2404 882 2440 Bemerkung
903 2407 941 2432 im
964 2405 1187 2441 „Repertorium
1209 2402 1394 2442 Repertorii“
1413 2404 1457 2438 (S.
1479 2400 1547 2437 224)

225 2444 333 2480 richtig
353 2452 390 2471 zu
411 2443 524 2471 stellen.
545 2458 583 2462 ——
603 2443 756 2471 Kollation
776 2452 835 2471 von
857 2444 880 2471 B
901 2443 961 2471 und
981 2444 1009 2471 D
1029 2444 1121 2472 durch
1142 2444 1310 2472 Bannister.
