1653 2689
765 130 1027 166 —376-

463 229 549 260 Ante
573 237 666 269 quem
690 229 779 262 nuda
803 232 834 260 et
859 227 1030 261 manifesta

466 277 548 310 Sunt
572 279 698 316 cuncta,
723 281 758 309 et
780 286 844 309 non
869 281 1005 312 secreta,

559 321 602 358 R.
632 324 714 365 Heu,
743 325 864 364 miseri,

631 372 714 412 Heu,
745 373 863 415 miseri,

633 421 713 460 Spes
739 420 853 462 quibus
877 421 991 452 ianuae

631 467 729 500 Nulla
754 472 803 500 est
827 469 1040 501 reserandae!

381 546 437 578 24.
463 543 573 584 Alpha
599 548 630 576 et
655 544 783 586 Omega,
810 545 883 577 Iesu
909 544 1054 586 benigne,

469 592 529 631 Qui
554 595 643 624 tenes
669 592 775 624 claves
800 593 911 624 mortis
938 597 967 624 et
992 592 1088 632 vitae,

466 639 598 671 Arbiter
623 640 768 672 vivorum
795 636 814 656 *
840 641 894 680 qui
919 649 954 672 es
981 644 1013 672 et
1037 644 1245 678 mortuorum,

562 687 643 728 Rex,
670 687 808 725 Christe,
835 692 944 720 nostra

563 735 696 767 Posside
720 735 828 772 corda.

563 783 609 816 Ut
633 783 709 814 laeti
735 783 871 814 iudicem

563 830 609 861 Te
635 831 812 862 venientem

469 878 547 910 Cum
574 878 726 909 virtutum
751 879 901 917 lampade
926 887 1103 910 mereamur
1129 876 1240 909 videre

469 925 537 957 Tua
563 926 643 956 certi
669 925 709 956 de
734 926 864 965 pietate.

565 970 605 1006 R.
638 973 747 1005 Gloria
774 974 858 1012 patri

635 1020 679 1052 Et
703 1021 773 1061 tibi,
799 1027 885 1061 nate,

637 1068 755 1100 Sancto
781 1077 850 1099 cum
877 1068 992 1108 spiritu

637 1116 660 1148 C
663 1116 786 1147 animus
811 1117 879 1147 sine
905 1115 977 1149 fine.

318 1219 478 1255 Epistolar.
507 1228 558 1246 ms.
585 1220 751 1246 Anianense
781 1228 846 1246 saec
879 1217 922 1246 10.
963 1219 1034 1247 Coa.
1056 1219 1316 1254 Montispessulan.
1337 1217 1364 1247 6.
1391 1218 1456 1246 add.
1481 1227 1559 1247 eaeo.

244 1257 319 1285 ¹⁰(u.
340 1272 376 1276 —
397 1256 425 1288 4,
452 1256 469 1285 3
492 1259 608 1292 Rugiet.
629 1272 665 1276 -ν
686 1256 714 1289 4,
741 1257 758 1285 6
780 1258 854 1284 Cum
874 1261 973 1284 meatu
992 1259 1122 1285 navium.
1143 1271 1180 1276 —
1200 1256 1228 1289 6,
1253 1256 1272 1284 2
1292 1258 1417 1293 Regnat.
1435 1271 1473 1276 —
1493 1256 1521 1289 8,
1542 1255 1560 1284 9

244 1298 388 1324 Disertor.
410 1310 445 1315 —-
469 1295 517 1326 10,
545 1294 562 1322 3
584 1295 712 1322 Dividet.
735 1311 772 1314 —
796 1294 844 1328 11,
872 1295 889 1323 5
915 1296 1057 1323 molliant.
1079 1312 1115 1315 —
1139 1294 1188 1327 11,
1216 1294 1233 1323 9
1256 1295 1383 1323 radiant.
1403 1310 1442 1314 —
1464 1294 1514 1330 14,
1542 1294 1560 1322 5

245 1337 409 1370 Resurgent
436 1335 465 1360 in
493 1334 618 1361 edomes.
647 1347 682 1352 -—
713 1333 760 1366 15,
790 1332 807 1360 2
835 1335 878 1361 ira
907 1335 1026 1369 iniquis.
1048 1349 1084 1353 —
1108 1333 1157 1366 17,
1188 1332 1200 1360 l
1229 1334 1347 1361 abissus
1375 1334 1500 1361 stellam.
1521 1347 1560 1352 —

245 1373 294 1404 17,
323 1371 340 1399 2
361 1373 459 1399 Νονῡε
479 1374 524 1401 (εἴ.
546 1372 687 1405 Monens).
709 1386 747 1390 —
770 1370 820 1403 17,
846 1371 863 1399 6
884 1372 1033 1401 Galeatos.
1055 1388 1092 1392 —
1116 1370 1159 1403 17,
1187 1370 1204 1398 7
1224 1372 1388 1400 Loricatos.
1409 1386 1446 1390 —
1468 1371 1512 1404 19,
1539 1369 1558 1398 2
1605 1368 1610 1374 ’

247 1411 374 1438 hominis
397 1411 541 1438 occidunt.
562 1425 599 1428 —
619 1409 670 1442 20,
700 1408 717 1436 2
738 1412 887 1438 Satanam.
909 1425 945 1428 —
967 1409 1012 1443 22,
1043 1408 1086 1442 13,
1107 1410 1272 1438 reseranda.
1293 1425 1331 1429 —
1351 1409 1396 1443 23,
1422 1409 1440 1438 5
1461 1410 1562 1438 redde-

246 1451 351 1477 bimus.
373 1464 408 1468 —
431 1447 475 1481 23,
497 1448 514 1476 8
535 1449 610 1475 Ante
631 1457 728 1485 quam.
750 1462 784 1467 —
806 1447 851 1478 23,
873 1447 890 1476 9
911 1448 951 1474 Et
973 1458 1030 1475 non
1052 1452 1119 1475 sunt
1139 1453 1245 1476 cunct-1
1266 1453 1386 1476 secreta.

326 1488 368 1514 Im
389 1487 479 1515 Jahn-e
503 1485 575 1514 1863
596 1487 766 1522 publizierte
787 1487 838 1513 der
857 1487 1003 1522 damalige
1019 1487 1223 1514 Bihliothekar
1242 1487 1294 1514 der
1307 1486 1561 1515 Stadtbibliothek

246 1536 281 1553 zu
303 1525 506 1562 Montpellier,
532 1525 572 1552 M.
593 1525 732 1552 Paulin
753 1525 886 1557 Blanc,
914 1525 1013 1552 diesen
1044 1524 1239 1561 „magnifique
1265 1526 1355 1552 ebant
1378 1526 1418 1553 du
1447 1525 1564 1553 dernier

240 1565 326 1601 jour“
355 1566 385 1590 in
406 1562 432 1590 2.
453 1564 581 1598 Auflage
608 1563 667 1591 und
697 1573 774 1590 zwar
801 1565 831 1589 in
861 1565 978 1599 eigener
1000 1563 1161 1591 Broschfire
1185 1563 1293 1598 „Prose
1313 1564 1349 1591 de
1369 1564 1562 1600 Montpellier

245 1613 283 1631 ou
306 1603 401 1630 Chant
428 1601 466 1628 du
487 1602 602 1629 dernier
622 1603 710 1634 Jour,
738 1601 891 1636 composi-e
916 1611 989 1636 pour
1009 1603 1071 1629 l'an
1092 1601 1190 1633 Mille,
1218 1601 1284 1636 deja
1305 1601 1422 1637 publiee
1443 1600 1563 1638 d'apres

246 1651 286 1669 un
307 1642 467 1667 manuscrit
487 1640 523 1666 de
544 1638 679 1675 l'abbaye
701 1639 862 1667 d'Aniane“
883 1640 991 1673 (Paris,
1019 1640 1043 1667 1.
1063 1639 1210 1672 Leeoffre,
1241 1638 1339 1674 1863),
1367 1639 1510 1668 nachdem
1531 1649 1563 1667 er

249 1678 323 1707 1550
343 1679 399 1706 deu
419 1679 494 1705 Text
515 1679 609 1705 dieses
630 1678 736 1705 Liedes
758 1680 797 1705 im
819 1676 845 1705 3.
866 1678 918 1705 Bd.
942 1678 993 1705 der
1016 1677 1190 1713 ‚.Me'moires
1210 1678 1246 1705 de
1267 1679 1297 1706 la
1318 1675 1434 1706 Societe
1452 1677 1561 1706 Arche-

246 1719 383 1753 ologique
404 1716 439 1744 de
453 1717 657 1751 Moutpellier“
676 1716 831 1752 mitgeteilt
845 1716 934 1743 hatte.
966 1717 1082 1744 Darauf
1092 1716 1172 1743 hatte
1187 1717 1306 1744 Couss
1316 1717 1466 1744 emaker
1480 1717 1559 1745 dem-

247 1757 348 1784 selben
383 1757 462 1783 seine
496 1755 762 1782 Ansmerksamkeit
795 1755 994 1790 zugewendet.
1026 1771 1056 1774 —
1091 1754 1235 1791 Obgleich
1270 1755 1362 1783 Blane
1390 1755 1562 1783 versichem

246 1795 357 1822 konnte
381 1795 439 1829 „Le
461 1793 564 1820 monde
586 1797 693 1820 savant
713 1803 744 1820 se
766 1797 879 1820 montra
900 1792 966 1820 &mu
987 1793 1022 1820 de
1043 1796 1118 1820 cette
1136 1793 1247 1829 grande
1261 1795 1459 1830 oomposition
1472 1794 1563 1821 musi-

246 1831 337 1864 cale“‚
359 1833 497 1859 scheinen
518 1831 592 1859 doch
614 1833 671 1860 alle
692 1831 958 1868 Hymnologen
979 1832 1025 1859 die
1044 1831 1195 1867 Dichtung
1215 1832 1378 1860 iiberseben
1399 1841 1436 1859 zu
1457 1832 1564 1860 haben.

246 1871 329 1899 Auch
356 1873 397 1897 im
423 1871 628 1905 Repertorium
656 1871 796 1905 Hymnol.
824 1870 996 1897 Chevaliers
1023 1871 1113 1897 sowie
1140 1872 1172 1897 in
1195 1870 1301 1898 dessen
1322 1870 1566 1907 Supplementum

246 1910 319 1937 fehlt
345 1910 441 1937 dieser
469 1911 661 1936 interessante
682 1908 882 1935 Abecedar.
924 1907 1091 1944 Allerdings
1117 1909 1182 1945 gibt
1209 1909 1257 1936 die
1278 1908 1406 1936 Melodie
1427 1909 1487 1936 ihm
1508 1908 1565 1936 den

247 1949 435 1983 Hauptwert:
458 1947 586 1974 dieselbe
607 1948 698 1974 bietet
712 1946 845 1983 zugleich
861 1948 947 1974 einen
961 1946 1182 1982 Anhaltspunkt
1196 1947 1241 1974 fiir
1255 1948 1303 1974 die
1317 1947 1562 1983 Versaboeilung:

373 2196 420 2223 Au
445 2209 455 2214 -
478 2194 517 2227 di,
568 2194 611 2223 tel
633 2195 718 2228 -lus,
778 2203 819 2224 au
840 2209 850 2214 -
873 2193 912 2229 di,
953 2194 1093 2232 mag-ni
1155 2203 1231 2223 ma·
1252 2195 1296 2224 ris
1346 2194 1421 2223 lim·
1437 2194 1507 2231 bus,

364 2280 390 2309 2.

247 2312 1200 2431 ΕΞΖᾹΞΙΖΞῇῖ-ιίιρ
1223 2363 1294 2368 -

535 2357 1086 2391 Ezeztzeze—
1319 2382 1332 2385 ,

377 2436 428 2464 Au
457 2450 468 2455 -
496 2433 536 2468 di,
605 2434 646 2463 110
679 2448 689 2453 -
715 2442 774 2468 mo,
893 2441 933 2462 au
954 2448 966 2453 -
994 2433 1034 2470 di,
1076 2442 1125 2463 om
1143 2449 1154 2454 -
1175 2441 1223 2468 ne,
1254 2431 1344 2470 quod
1374 2433 1404 2462 vi
1431 2448 1443 2454 -
1464 2433 1510 2463 vit
