1653 2689
663 99 901 135 —29-

491 241 542 273 15.
571 241 611 272 In
631 242 898 273 ResurrectIone
918 241 1068 272 Domini.

522 320 680 361 Exsurge.
707 323 814 353 rector
837 321 990 362 gentium,

522 368 593 400 Nec
616 368 788 401 moriturus
815 369 952 408 amplius

523 415 704 456 Orbemque
729 419 829 448 totum
856 416 986 456 posside

523 463 593 496 Tuo
619 465 819 505 redemptum
845 464 1010 504 sanguine.

424 510 602 544 Restm-rexi
628 514 658 544 et
683 512 790 544 adhuc
812 514 915 544 tecum
940 520 1014 544 sum
1041 515 1102 545 etc.

193 595 281 630 Trop.
302 603 355 622 ms.
377 593 612 631 Sangallense(?)
632 604 707 624 saec.
731 595 775 624 10.
820 596 889 624 Cod.
911 595 1114 624 Vindobouen.
1139 594 1219 623 1609.
1241 596 1273 623 Α.
1301 611 1332 615 -
1352 596 1440 629 Trop.

119 641 170 660 ms.
194 633 389 669 Sangallense
411 641 486 661 saec.
510 632 556 661 10.
593 634 663 662 Cod.
685 634 854 671 Sangallen.
875 633 940 662 484.
963 635 996 661 B.
1011 649 1048 653 —-
1061 635 1150 671 Trop.
1172 644 1225 662 ms.
1246 634 1440 669 Sangallense

118 679 194 699 saec.
229 669 272 699 10.
314 671 384 700 Cod.
413 671 583 708 Sangallen.
611 670 676 700 378.
705 673 736 700 C.
759 687 796 692 -—
817 674 904 708 Trop.
933 681 986 700 ms.
1014 673 1207 708 Sangallense
1229 681 1304 700 saec.
1333 671 1377 699 11.
1398 673 1443 699 in.

117 709 188 739 Cod.
209 709 381 746 Saugallen.
403 707 469 737 381.
491 710 528 738 D.
548 725 587 730 —
605 711 694 747 Trop.
714 721 768 739 ms.
789 711 944 739 Mindense
964 713 1035 738 anni
1058 710 1140 739 1024.
1180 711 1252 739 Cod.
1273 711 1440 739 Beroliuen.

117 749 206 776 theol.
227 748 294 776 1V0
317 747 360 776 11.
381 749 418 776 Ε.
438 763 475 767 -
497 749 531 776 In
552 749 578 776 E
600 750 640 776 ist
658 750 710 777 der
731 751 937 777 Introituntext
957 749 1008 777 des
1031 751 1168 777 weiteren
1190 751 1313 785 tropiert
1333 748 1438 776 durch:

119 786 275 822 „Principe
297 787 404 814 inferni
425 786 541 814 devicto
562 788 700 815 claustris
722 797 755 815 ac
771 790 916 820 reseratis,
938 785 983 815 Et
998 786 1097 815 adhuc
1110 789 1204 816 tecum
1221 786 1304 814 sum“
1322 791 1384 821 etc„
1407 788 1437 814 in

118 825 195 854 BCD
223 825 330 853 durch.
360 825 403 859 „A
430 834 488 861 quo
515 834 665 863 nunquam
690 826 760 854 licet
780 828 950 855 incarnatus
971 828 1093 862 recessi;
1122 824 1264 854 Posuisti
1283 833 1375 861 super
1397 832 1439 852 me

117 871 244 891 inanum
265 862 366 891 tuam“
389 865 443 892 etc.
465 864 518 892 das
539 864 612 892 alles
634 866 665 892 in
686 865 787 893 Prosa.

486 997 536 1027 16.
567 997 606 1026 ln
627 997 893 1027 Resurrectione
913 996 1064 1026 Domini.

290 1075 337 1107 Te
363 1079 492 1107 resonet
517 1079 654 1108 cunctus
679 1078 747 1107 toto
773 1084 844 1106 cum
869 1059 1027 1114 plasmate
1052 1075 1203 1115 mundus,

346 1123 392 1154 Te
416 1132 541 1163 quoque
566 1131 643 1163 gens
669 1123 795 1163 pariter
820 1123 952 1155 credula
976 1131 1129 1163 quaeque,
1156 1128 1261 1162 pater.

397 1170 577 1203 Resurrem·
603 1172 632 1202 et
658 1171 765 1202 adhuc
788 1171 892 1203 tecum
916 1180 987 1202 sum
1017 1175 1075 1203 etc.

188 1255 278 1290 Trop.
299 1263 352 1282 ms,
375 1255 523 1290 Augiense
543 1263 618 1282 saec.
642 1254 686 1283 10.
727 1254 799 1283 eod.
822 1255 1013 1291 Bambergen.
1034 1254 1081 1282 Ed
1100 1255 1127 1282 V
1147 1253 1175 1281 9.
1195 1270 1232 1274 —
1253 1255 1340 1290 Folgt
1359 1255 1435 1283 dort-

112 1301 170 1320 vou
197 1293 320 1321 auderet
340 1293 430 1320 Hand
457 1295 656 1329 eingetragen,
679 1293 869 1321 unmittelbar
891 1296 966 1320 nach
987 1293 1052 1321 dem
1074 1294 1187 1330 Tropus
1211 1291 1329 1328 „Hodie
1353 1294 1432 1320 totus

111 1329 244 1359 mundus
267 1330 372 1365 ‹orbis)
393 1329 612 1359 laetabundus“
632 1330 694 1364 (Nr.
719 1330 789 1366 100).

479 1464 528 1494 17.
559 1465 599 1494 In
620 1460 886 1495 Resurrectione
908 1464 1056 1495 Domini.

694 1524 781 1551 Fen‘a
801 1524 852 1550 IV.

254 1601 320 1634 Nos
347 1601 512 1641 Dominus,
540 1603 594 1642 qui
621 1606 669 1633 est
695 1602 774 1633 lucis
802 1602 854 1633 via
880 1605 911 1632 et
937 1602 1050 1634 semita
1077 1601 1176 1641 pacis,

254 1649 460 1682 Dissociet¹a
485 1650 597 1690 malis;
627 1650 773 1682 dextrum
800 1651 1000 1690 quicumque,
1028 1658 1159 1682 necesse
1186 1656 1244 1689 est⁷

253 1699 318 1730 Aut
344 1699 471 1730 laevum
497 1698 664 1739 gradiatur
691 1698 772 1737 iter-3
799 1699 857 1729 sed
884 1698 999 1730 dextra
1025 1698 1181 1730 bonorum

252 1746 389 1787 Semita3
419 1746 608 1786 conspicuos
633 1750 727 1778 vocat
754 1747 785 1778 in
812 1756 868 1778 sua
894 1746 1013 1786 gaudia
1038 1747 1156 1778 iustos:

299 1795 420 1834 Venite,
446 1794 603 1827 benedicti
622 1794 732 1834 patris
761 1795 832 1836 mei,
854 1794 1013 1835 percipite
1038 1804 1175 1835 reymcm
1199 1800 1260 1828 ete.

181 1879 270 1916 Trop.
295 1888 349 1908 ms.
379 1880 408 1908 S.
434 1879 536 1907 Aredii
560 1880 782 1907 Lemovicensis
810 1887 884 1906 saec.
914 1877 957 1906 11.
999 1879 1069 1906 Cod.
1092 1877 1218 1907 Parisin.
1247 1877 1310 1907 903.
1334 1880 1367 1906 A.
1397 1895 1432 1900 —-

105 1919 193 1954 Trop.
220 1927 272 1946 ms.
297 1919 510 1946 Moissiaeeuse
537 1926 613 1946 saec.
646 1917 689 1945 11.
731 1917 802 1945 Cod.
830 1918 958 1945 Parisin.
989 1918 1084 1945 Nouv.
1107 1926 1170 1953 acq.
1198 1916 1278 1946 1871.
1301 1920 1332 1946 B.
1355 1933 1391 1937 —
1417 1918 1428 1946 1

104 1955 223 1985 Initiale
251 1957 325 1984 fehlt
345 1957 378 1984 Β.
400 1971 438 1976 -——
463 1955 480 1984 2
500 1957 633 1984 dextram
654 1957 688 1984 A.
711 1971 747 1975 —
772 1956 790 1983 3
812 1956 943 1983 dextram
964 1956 999 1983 A.
1020 1971 1057 1975 ——-
1078 1955 1096 1983 4
1121 1958 1261 1984 Semitam
1283 1958 1317 1984 B.
1338 1972 1375 1975 —
1397 1959 1429 1985 In

105 1997 224 2033 Repert.
245 1996 386 2031 Hymnol.
415 1999 501 2024 unter
522 1996 573 2023 Nr.
595 1993 697 2023 34753
719 1996 792 2031 irrig
814 1996 867 2022 mit
887 1995 953 2022 dem
974 1995 1097 2031 Incipit:
1125 1995 1187 2022 Vos
1211 1997 1354 2023 Dominus
1376 2001 1430 2023 etc.

508 2129 557 2160 18.
592 2131 630 2160 In
652 2129 856 2160 Ascensione
878 2127 1027 2159 Domini.

506 2209 559 2242 Ex
585 2217 718 2241 numero
745 2207 971 2248 frequentium,

508 2257 568 2296 Qui
595 2257 767 2290 obviarunt
793 2256 940 2293 Domino,

508 2305 580 2338 Duo
604 2305 782 2338 subsistunt
807 2304 913 2345 angeli

505 2353 660 2386 Dicentes
683 2353 725 2386 ad
751 2354 933 2394 apostolos:

434 2401 506 2435 Viri
531 2401 687 2440 Galflaei,
714 2402 796 2442 quid
820 2401 1046 2433 admiramini
1066 2405 1127 2435 etc.
