1653 2689
689 137 738 142 —
787 117 860 153 271·
905 136 953 141 —

160 213 580 250 Benignissima=xL‚
607 211 635 241 2.
682 214 817 241 Letztere
844 214 979 250 Sequenz
1006 216 1045 242 ist
1071 215 1119 243 die
1147 215 1261 251 einzige
1290 215 1372 242 nicht
1398 216 1481 243 fran-

162 251 305 286 zosisehe,
325 251 454 280 nfimlich
475 252 541 279 eine
561 251 756 280 italienische.

240 290 303 318 Das
324 290 500 326 Troparium
522 298 575 317 ms.
595 290 785 319 Gerundense
807 299 883 318 saec.
907 290 951 319 12.
986 292 1056 320 Cod.
1081 292 1205 319 Parisin.
1227 292 1321 320 Nouv.
1344 302 1406 329 aeq.
1428 292 1484 320 495

160 327 252 356 hietat
269 330 356 356 anter
377 329 429 356 der
443 322 629 356 Uber-schrift
646 329 825 365 „Sequentia
844 339 910 358 cum
925 330 1035 358 Prosa“
1059 331 1105 358 die
1121 330 1267 366 Strophen
1289 329 1332 358 2a
1353 331 1412 359 und
1433 330 1484 364 3a,

162 365 223 393 und
241 365 324 393 faihrt
343 366 422 395 dann
442 366 514 394 fort:

158 411 212 440 4a..
237 414 378 442 Pastores
399 416 482 442 erant
854 415 907 444 4b.
938 418 1070 445 Bethlem
1095 418 1125 444 in
1146 418 1217 444 urbe

240 453 367 488 proximi
388 455 419 480 in
439 461 550 489 pascua
932 458 1026 483 noctis
1049 457 1102 483 sub
1124 456 1252 482 silentio.

158 498 210 527 5a.
241 500 370 529 Claritas
391 501 448 529 Dei
854 503 907 531 51).
936 504 1066 540 Angelus
1089 505 1199 539 inquit:

238 539 334 566 cinxit
354 540 423 568 illos
444 540 573 576 fulgida;
931 543 1029 570 Nolite
1051 546 1188 570 metuere.

626 587 653 615 6.
674 589 778 616 Gloria
800 592 861 626 regi
882 594 960 623 nato,

676 627 741 654 laus
763 632 792 655 et
813 632 942 664 potestas

678 675 729 701 per
750 670 856 694 cuncta
879 668 1005 695 saecula.

525 777 594 808 516.
627 778 664 807 In
686 778 952 809 Resurrectione
975 779 1124 810 Domini.

712 859 741 890 1.
782 859 936 898 Alleluia,

160 924 223 955 2a.
257 924 327 956 Rex
353 925 386 956 in
412 927 588 964 aeternum,
855 925 918 960 2b.
952 927 1064 958 Victor
1090 926 1206 965 ubique

257 973 385 1012 suscipe
410 971 567 1012 benignus
950 979 1051 1006 morte
1077 978 1227 1012 superata

258 1021 431 1059 praeconia
456 1024 580 1054 nostra.
949 1026 1043 1062 atque
1069 1022 1278 1062 triumphata,

162 1087 223 1118 3a.
261 1086 357 1118 Ortus
384 1087 424 1118 de
449 1086 537 1118 tribu
563 1088 643 1119 Iuda
855 1088 917 1121 3b.
953 1089 1064 1127 Regna
1089 1092 1201 1128 petens
1227 1097 1352 1128 supera,

259 1133 309 1165 leo
333 1139 458 1175 potens,
950 1137 1040 1167 iustis
1067 1136 1206 1168 reddens

260 1181 430 1214 surrexisti
455 1182 488 1213 in
514 1182 629 1223 gloria,
951 1184 1093 1223 praemia
1119 1184 1151 1214 in
1178 1184 1319 1217 saecula.

162 1249 223 1280 4a.
260 1248 358 1290 Ergo,
385 1248 437 1289 pie
463 1257 520 1280 rex
547 1249 685 1290 Christe,
856 1250 918 1283 4b.
954 1251 1021 1282 Fac
1046 1255 1149 1282 tecum
1176 1259 1341 1290 resurgere

259 1296 350 1328 nobis
377 1298 457 1329 dans
483 1298 681 1337 peccamina,
950 1299 990 1330 ad
1018 1298 1142 1330 beatam
1170 1298 1319 1337 gloriam.

236 1372 292 1399 Die
323 1373 458 1408 gleichen
487 1373 627 1405 Qucllen,
655 1375 709 1400 wie
737 1374 783 1400 bei
810 1374 861 1400 der
881 1373 1140 1408 vorhergehenden
1162 1373 1300 1400 Nuiumer
1326 1372 1394 1404 515,
1417 1383 1483 1400 aus-

158 1419 334 1446 genommen
356 1411 447 1439 DGK.
491 1412 570 1438 Statt
599 1411 649 1438 der
678 1412 832 1438 Ietzteren:
860 1412 948 1447 Trop.
971 1421 1023 1439 ms.
1046 1413 1251 1438 wintoniense
1274 1420 1349 1438 saec.
1375 1410 1415 1438 10.
1438 1421 1482 1438 ex.

159 1448 230 1476 Cod.
253 1449 397 1476 Oxonien.
419 1449 503 1476 Bodl.
526 1448 590 1476 775.
612 1451 646 1477 L.
668 1465 703 1468 —
725 1451 812 1485 Trop.
838 1459 890 1477 ms.
912 1450 1119 1477 XVintonieuse
1141 1458 1216 1476 saec.
1241 1448 1284 1476 11.
1319 1450 1389 1477 (jod⁴
1409 1450 1483 1477 Coll.

158 1487 245 1523 Corp.
275 1488 384 1515 Christi
414 1488 636 1523 Cantabrigien.
664 1487 736 1522 4733
766 1489 826 1515 bis:
854 1487 914 1521 Ml,
942 1487 996 1515 ΜΨ.
1025 1503 1061 1507 -
1088 1488 1176 1523 Trop.
1206 1497 1258 1515 ms.
1288 1488 1480 1515 vedastinum

158 1533 234 1552 saec.
259 1525 301 1553 11.
343 1527 413 1554 Cod.
443 1526 630 1553 Cameracen.
652 1525 689 1553 76
714 1526 780 1559 (75).
801 1528 836 1554 N.
859 1542 895 1545 -—
916 1525 973 1558 22,
999 1525 1016 1553 ‘2
1038 1528 1133 1554 tribue
1153 1529 1199 1556 (st.
1223 1528 1349 1561 suscipe)
1369 1526 1423 1553 M1.
1446 1541 1483 1545 —

159 1562 215 1596 3³,
236 1562 254 1592 3
278 1565 431 1592 surrexisti
446 1565 612 1592 Korrektur
632 1573 684 1592 aus
706 1567 832 1592 surrexit
847 1566 884 1592 H.
906 1580 941 1584 —
957 1564 974 1592 3
984 1566 1010 1597 b,
1036 1564 1046 1592 1
1072 1568 1173 1601 petens
1189 1565 1285 1592 sidera
1299 1565 1334 1592 E.
1350 1580 1386 1584 —
1400 1564 1450 1597 4a,
1467 1564 1484 1592 2

160 1605 314 1639 pecamina
336 1604 374 1630 H.
679 1621 682 1624 -

235 1642 330 1669 Titel:
354 1641 537 1677 „Fulgens
566 1640 798 1677 praeclai·a“.
822 1657 855 1660 —
879 1643 912 1669 In
933 1641 979 1669 Μ2
1000 1642 1046 1670 die
1068 1637 1267 1670 Uberschrift:

409 1699 569 1735 Egregium
592 1700 713 1726 Domini
736 1703 855 1726 resonat
876 1701 940 1727 laus
963 1702 1020 1727 ista
1044 1700 1224 1735 triumphum

447 1738 585 1764 Paschali
608 1738 682 1765 sesto
703 1739 844 1766 canenda.
1152 1739 1159 1743 '

236 1795 399 1832 Eingefiigt
426 1795 491 1822 sind
520 1795 567 1823 die
593 1796 704 1823 Versus
732 1797 762 1823 in
791 1796 838 1823 die
866 1797 1000 1832 Sequenz
1029 1797 1143 1831 Fulge
1155 1805 1194 1822 ns
1221 1806 1284 1831 pra
1296 1807 1309 1824 e
1320 1798 1427 1824 clara
1448 1810 1482 1819 Ξ

158 1834 244 1861 Anal.
262 1835 370 1870 Hymn.
387 1835 453 1866 VII,
469 1835 518 1861 ΝΥ.
534 1833 571 1861 44
585 1834 877 1870 (dementsprechend
892 1835 942 1862 der
956 1835 1058 1868 TiteD:
1076 1837 1171 1862 fei-ner
1187 1836 1216 1861 in
1232 1835 1279 1862 die
1295 1838 1483 1871 »Sequeuzenz

158 1873 307 1900 Rutilat
333 1883 401 1910 per
428 1874 554 1900 orbem
567 1885 603 1894 =
616 1874 682 1906 VII,
705 1872 755 1907 56;
778 1874 837 1901 und
857 1874 990 1909 Magne
1019 1879 1053 1901 et
1083 1875 1141 1909 pie
1156 1886 1189 1894 Ξ
1204 1874 1267 1901 VII.
1293 1873 1337 1902 89.

521 1987 590 2018 517.
625 1987 664 2018 In
684 1988 951 2018 Resurrectione
974 1987 1123 2018 Domini.

704 2068 721 2101 1
728 2093 736 2100 .
774 2067 939 2106 Alleluia,

159 2135 220 2168 221.
256 2133 378 2172 Gloria,
405 2133 553 2175 victoria,
849 2135 911 2168 2b.
949 2136 1040 2168 Salus
1068 2141 1099 2168 et
1125 2136 1156 2167 in
1183 2137 1313 2170 saecula

160 2203 220 2234 351.
257 2200 386 2233 Christo
411 2200 452 2232 sit
477 2209 536 2240 per
561 2202 679 2243 omnia,
850 2205 868 2236 3
881 2203 911 2238 b.
949 2204 1005 2243 Qui
1033 2205 1157 2235 calcata
1183 2203 1288 2237 infera

159 2271 221 2302 4a.
258 2268 441 2308 Resurgens
467 2267 499 2299 in
525 2268 630 2308 gloria
850 2270 911 2304 4b.
948 2272 1016 2304 Rex
1043 2273 1103 2303 erit
1131 2280 1188 2313 per
1214 2272 1355 2305 saecula.

237 2355 326 2390 Trop.
355 2363 408 2381 της.
432 2353 624 2381 Martialense
651 2356 722 2382 anni
742 2353 885 2383 988—96.
932 2357 1002 2385 Cod.
1025 2358 1152 2385 Pax-isin.
1181 2356 1262 2385 1118.
1285 2359 1317 2384 Α.
1342 2373 1376 2376 -
1397 2359 1484 2394 Trop,

159 2402 213 2421 ms.
229 2393 422 2420 Martialense
443 2400 519 2420 saec.
543 2390 587 2420 10.
621 2393 691 2421 Cod.
706 2394 834 2422 Parisin.
859 2394 940 2423 1084.
956 2398 988 2423 B.
1010 2413 1046 2416 -—
1067 2396 1112 2424 41)
1134 2398 1190 2424 erit
1212 2398 1242 2424 in
1265 2397 1384 2424 saecula
1400 2398 1431 2424 B.
1449 2414 1485 2418 -—-

158 2432 237 2460 Titel
264 2433 295 2459 in
318 2432 357 2459 B:
387 2431 477 2466 „Item
506 2431 567 2458 alia
593 2432 710 2468 Virgo
738 2432 899 2469 Israel“;
928 2436 959 2462 in
985 2435 1036 2463 der
1064 2438 1198 2471 Sequenz
1231 2435 1341 2472 „Virgo
1372 2436 1482 2463 Israel‘¹
