1653 2689
586 62 605 130 j
635 101 692 129 .-
743 81 814 117 353
861 101 903 106 -

543 205 612 238 727.
643 206 682 236 In
705 206 818 237 sancti
839 205 1017 245 Stephani.

348 286 477 320 Gaudia
501 290 608 318 mente
632 287 728 329 geris,
757 287 862 320 caelos
887 288 1029 320 attendis
1055 291 1196 327 apertos,

397 334 458 374 Qui
484 333 656 375 Christum,
685 333 858 374 Stephane,
887 337 991 368 cernis
1017 336 1049 367 iu
1076 345 1150 368 arce
1175 336 1255 376 Dei3

460 381 528 414 Eia,
555 378 648 409 Video
668 379 764 409 caelos
787 383 908 417 apertos
929 383 956 410 et
976 380 1079 410 Iesum
1100 386 1153 411 etc.

193 459 282 495 Trop.
310 467 362 486 ms.
384 458 579 494 Sangallense
604 466 680 486 saec.
705 455 748 485 10.
790 458 860 485 cod.
883 460 1052 495 Sangallen.
1074 457 1140 486 484.
1161 460 1195 487 A.
1217 473 1254 478 —
1274 460 1362 496 Trop.
1383 469 1435 487 ωε.

117 496 312 533 Sangallense
339 505 413 525 saec.
445 494 488 524 10.
536 496 605 524 Cod.
634 496 802 532 Sangallen.
831 495 895 524 378.
924 499 956 524 B.
984 512 1021 516 ——
1048 497 1135 534 Trop.
1163 506 1215 525 ms.
1244 498 1436 533 Sangallense

118 543 195 564 saec.
217 533 262 563 ll.
282 536 324 562 in.
356 535 428 563 Cod.
449 534 623 570 Sangallen.
641 532 707 562 381.
723 536 756 562 C.
770 551 805 555 -
821 535 909 571 Trop.
931 545 984 562 ms.
998 536 1152 563 Mindense
1173 537 1242 564 anni
1260 535 1340 564 1024.
1368 537 1440 564 Cod.

116 574 286 602 Berolinen.
315 573 417 602 Theol.
443 574 495 601 IV.
524 572 567 600 ll.
595 575 632 601 D.
654 587 689 592 —-
711 573 799 609 Trop.
829 583 880 602 ms,
910 574 1157 609 Moguntinumff)
1182 583 1257 602 saec.
1284 573 1325 602 10.
1367 575 1437 603 Cod.

117 612 282 640 Londinen.
302 611 376 640 Add.
399 610 509 640 19768,
532 612 568 639 Ε.

547 723 614 755 728.
646 724 684 754 In
706 724 817 754 sancti
841 723 1019 761 Stephani.

401 806 491 837 Inter
516 804 688 836 latrantum
716 804 882 836 turbarum
909 814 1005 836 saxea
1031 806 1129 837 corda

447 852 592 885 Bellator
617 851 710 884 fortis
736 853 782 883 sic
807 853 852 883 ait
879 861 933 884 ore
959 853 1029 892 pio:

512 896 603 926 Video
625 896 721 926 caelos
743 901 862 934 apertos
885 899 911 926 et
931 897 1033 926 Iesum
1054 901 1108 926 etc.

198 977 286 1012 Trop.
317 986 371 1006 ms.
402 976 432 1004 S.
460 974 574 1004 Amulfi
598 976 739 1004 Metensis
761 973 846 1003 'suem
878 974 920 1002 12.
949 977 989 1003 in.
1037 976 1107 1003 Cod.
1133 976 1239 1003 Meten.
1266 974 1330 1003 452.
1359 990 1395 994 —
1424 974 1439 1004 1

118 1015 303 1044 latrantium.

496 1088 563 1120 729.
593 1088 642 1118 De
665 1088 838 1119 Communi
859 1088 1059 1126 Martyrum.

353 1169 482 1202 Summa
507 1167 571 1203 Dei
596 1169 704 1209 proles
730 1169 867 1200 humano
894 1177 1028 1208 corpore
1053 1171 1180 1208 sumpto

351 1217 538 1257 Languores
563 1221 691 1248 nostros
717 1217 791 1248 tulit
818 1216 1015 1256 exclusitque
1043 1216 1187 1255 dolores;

429 1261 598 1291 Multitudo
619 1261 827 1299 lanquentium
851 1285 857 1291 .
878 1283 885 1289 .
907 1283 915 1291 .
934 1261 1091 1290 veniebant
1112 1259 1153 1290 ad
1172 1269 1237 1290 eum
1260 1266 1313 1290 ete.

199 1342 288 1378 Trop.
317 1350 370 1369 ms.
397 1341 605 1369 Wintoniense
632 1349 708 1368 saec.
737 1338 781 1367 10.
809 1348 853 1366 ex.
895 1340 964 1367 Cod.
994 1340 1136 1367 Oxonien.
1158 1339 1242 1367 Bodl.
1264 1338 1326 1368 775.
1350 1341 1384 1367 A.
1406 1354 1442 1359 —

118 1380 209 1417 Trop.
227 1389 282 1408 ms.
302 1380 513 1408 Glastoniense
531 1378 556 1411 (ἱ)
565 1379 790 1412 Cantuarieuse)
809 1386 886 1405 saec·
910 1377 952 1405 11.
975 1387 1019 1405 ex.
1039 1377 1080 1408 (et
1102 1376 1156 1411 12.)
1185 1378 1256 1405 Cod.
1278 1379 1443 1407 Londinen.

121 1419 216 1455 Calig.
243 1419 268 1446 A
294 1418 374 1446 XIV.
403 1418 436 1446 B.
457 1432 494 1437 --
522 1417 610 1452 Trop.
638 1426 690 1444 ms.
717 1417 909 1444 Martialense
936 1425 1010 1443 saec.
1043 1416 1085 1443 11.
1127 1416 1196 1443 Cod.
1224 1416 1350 1443 Parisin.
1377 1415 1442 1445 909.

123 1457 154 1485 C.
175 1471 215 1478 ·-—
234 1457 323 1493 Trop.
344 1465 397 1484 ms.
420 1456 449 1483 S.
470 1456 572 1484 Aredii
592 1456 814 1482 Lemovieensis
836 1464 912 1482 saee.
937 1454 980 1482 11,
1022 1454 1093 1482 Cod.
1118 1455 1244 1482 Pax-isin.
1266 1452 1331 1482 903.
1352 1456 1388 1483 D.
1405 1469 1442 1474 —

121 1496 135 1524 1
157 1496 304 1524 humanae
325 1495 363 1529 C·‚
385 1497 501 1531 sumpta
522 1495 558 1522 D.

544 1606 614 1637 730.
644 1606 694 1636 De
714 1613 782 1636 mio
805 1605 1024 1636 Confessore.

307 1687 420 1721 Gloria
446 1687 531 1720 celsa
555 1690 672 1729 manet,
698 1686 817 1726 poterit
844 1685 898 1726 qui
925 1685 1032 1717 dicere
1059 1685 1219 1724 gaudens:

387 1732 529 1768 Domine,
551 1732 685 1769 quinque
704 1731 817 1761 talenta
838 1730 996 1760 tradidisti
1019 1730 1109 1766 mz7zi;
1130 1738 1198 1764 ecce,
1221 1731 1287 1759 alia
1310 1731 1442 1767 quinque

464 1771 694 1808 superlucratus
715 1778 790 1799 sum.

196 1852 288 1888 Trop.
310 1860 363 1880 ms.
385 1852 591 1880 wintoniense
612 1858 687 1877 saec.
712 1848 754 1877 10.
775 1859 820 1877 ex.
861 1848 932 1876 Cod.
954 1849 1097 1876 Oxonien.
1119 1847 1203 1876 Bodl.
1225 1846 1288 1875 775.

541 1965 608 1996 731.
641 1965 690 1996 De
712 1972 778 1994 uno
802 1963 1020 1995 Confessore.

304 2048 396 2082 Haec
419 2057 508 2080 meus
534 2046 684 2086 accipiet,
709 2054 791 2086 quae
817 2048 891 2076 sunt
916 2044 1086 2085 promissa,
1115 2042 1239 2075 fidelis:

386 2093 567 2132 Quicunque
592 2092 697 2130 fecerit
722 2090 904 2120 voluntatem
931 2089 1034 2127 patris
1055 2088 1126 2122 mei,
1153 2089 1205 2124 qui
1226 2088 1258 2116 in
1280 2087 1370 2116 caelis
1388 2091 1441 2124 est,

464 2132 531 2170 ipse
550 2139 632 2160 meus
652 2131 758 2167 frater,
783 2138 868 2159 soror
888 2132 914 2157 et
935 2130 1028 2157 mater
1048 2130 1099 2162 est,
1120 2126 1193 2156 (licit
1213 2125 1378 2156 Dominus.

193 2212 282 2248 Trop.
304 2220 358 2239 ms.
379 2211 588 2238 wintoniense
609 2217 685 2238 saec.
709 2207 752 2236 10.
775 2217 818 2236 ex.
861 2208 930 2236 Cod.
953 2207 1097 2235 Oxonien.
1119 2205 1202 2234 Bodl.
1224 2204 1289 2233 775.
1312 2221 1347 2226 -
1366 2208 1442 2234 Dort

115 2253 189 2288 irrig
210 2250 255 2279 als
277 2250 330 2286 „de
351 2247 555 2287 Virginibus“.

664 2344 893 2352 ————·—

172 2459 305 2486 Bhune,
325 2456 408 2487 Tropi
424 2455 589 2480 Graduaxes.
620 2454 657 2478 11.
1232 2446 1270 2476 23
