1653 2689
50 84 67 103 ,ζ
110 84 128 86 ⁷*
149 95 154 101 .
207 96 246 123 *‘·‚
257 83 439 116 {lwrjprm-
442 88 474 111 ,J
487 84 495 90 Τ

99 120 102 122 ,
172 126 185 133 ,Ι
283 123 383 134 .1-....⁷

696 127 740 132 ——
791 108 860 143 239
909 127 956 132 —

165 203 225 237 2m
256 203 348 244 Quae
371 202 506 236 caelitus
858 206 920 240 2b.
950 206 1057 246 Atque
1082 205 1179 246 plena

258 250 346 283 illius
369 250 524 284 hauseras
954 255 1057 295 gratia
1083 253 1224 294 parturis

259 297 350 331 verbi
377 299 564 340 mysterium
953 302 1098 334 omnibus
1125 302 1253 342 gaudia,

637 368 796 401 intercede
816 379 880 410 pro
905 369 1009 402 nobis.

241 450 330 486 Trop.
349 460 401 478 ms.
417 452 657 481 Emmeramense
679 455 748 481 anni
769 453 928 483 1024—36.
963 457 1036 484 Clm.
1051 457 1205 484 Monacen.
1233 454 1339 482 14:322.
1355 469 1391 474 —-
1408 455 1490 482 Auch

165 488 196 515 in
217 488 268 515 der
281 489 410 517 Melodie
431 491 497 518 sind
518 489 561 518 23
583 492 642 519 und
663 491 706 520 2b
728 494 851 529 parallel
870 495 986 529 gebaut.
1003 510 1039 512 —
1054 496 1105 522 Als
1122 494 1291 529 prosaische
1306 494 1488 521 Introductio

164 526 234 563 geht
262 536 382 555 vorans:
413 529 548 564 „Laudes
575 530 680 567 dignas
709 533 866 568 praecipue
895 542 1034 560 canamus
1057 533 1188 564 Christo,
1218 533 1274 559 soli
1296 533 1375 565 Deo,
1404 541 1489 568 quem

165 566 264 601 angeli
284 567 315 593 in
336 567 396 594 alto
417 568 478 603 poli
493 572 626 596 sanctum
642 571 834 605 proclamant,
856 574 889 598 ut
902 581 955 598 nos
971 573 1001 598 in
1017 572 1118 598 matris
1134 571 1214 597 illius
1229 571 1389 598 festivitate
1406 580 1489 598 sacra

163 604 306 631 concedat
325 605 438 639 laetari,
461 606 619 634 Alleluia“.

483 738 552 769 463.
589 740 626 769 In
648 740 896 771 Purificatione
918 742 1046 772 Beatae
1068 742 1112 772 M.
1138 742 1175 772 V.

166 825 224 859 la.
261 825 370 858 Novus
860 830 922 863 1b.
954 831 1035 862 Novi

311 883 412 906 novae
438 875 518 914 legis
544 876 683 913 nuntius,
1000 884 1110 918 pastor
1136 879 1241 918 gregis
1266 879 1424 920 proprius,

539 943 587 975 lc
626 942 772 974 Summus

672 993 785 1023 summi
813 993 896 1032 regis
923 992 1016 1033 filius,

165 1056 224 1089 2a.
252 1055 404 1088 Nostrum
428 1057 595 1099 luminare,
858 1059 918 1091 2b.
951 1059 1017 1090 Nos
1042 1059 1222 1090 illuminare

165 1124 224 1155 3a.
260 1123 366 1154 Hodie
856 1125 917 1158 3b.
947 1125 1060 1166 Specie

308 1171 378 1203 Non
406 1176 454 1203 est
481 1172 682 1212 dedignatus,
998 1174 1116 1205 Nostra
1142 1173 1302 1213 palliatus.

561 1241 593 1271 4.
621 1238 752 1270 Gloriae

669 1287 803 1326 Templo
830 1292 1067 1327 praesentatum

670 1335 827 1375 Vidimus,
855 1345 946 1374 quem
974 1341 1081 1367 natum

715 1382 925 1417 Audivimus

238 1464 374 1493 Cantion.
402 1475 456 1494 ms.
484 1467 563 1493 Petri
591 1466 626 1494 de
654 1467 777 1494 Medicis
806 1468 975 1501 (Gallicum)
1003 1478 1078 1496 saec.
1110 1466 1152 1495 13.
1197 1468 1267 1495 cod.
1295 1469 1485 1495 Laurentian.

158 1503 203 1530 Pl.
225 1501 271 1531 29.
295 1503 319 1531 l.
341 1519 378 1522 —
398 1502 450 1537 3b,
473 1503 490 1532 2
511 1506 647 1532 Nostrae.
670 1520 705 1524 —-
727 1504 822 1533 Allem
842 1506 991 1534 Anschein
1013 1508 1087 1534 nach
1102 1506 1288 1542 Tropierung
1309 1507 1358 1533 des
1374 1507 1486 1535 Gradu·

159 1542 221 1569 ale:
251 1543 459 1578 „Suscepimus
488 1543 568 1570 Deus
595 1545 903 1571 misericordiam
932 1550 1012 1572 tuam
1039 1550 1093 1572 etc.
1136 1543 1174 1573 V.
1199 1547 1307 1572 Sicut
1335 1545 1487 1572 audivi—

163 1589 252 1613 mus,
279 1582 334 1608 ita
361 1584 397 1609 et
423 1581 590 1609 vidimus
618 1583 655 1609 in
685 1584 847 1610 civitate
876 1584 944 1610 Dei
973 1586 1110 1616 nostri,
1140 1585 1172 1610 in
1202 1587 1326 1610 monte
1355 1588 1486 1610 sancto

163 1619 271 1646 eius“.
299 1635 333 1638 —
360 1621 396 1647 In
423 1620 474 1647 der
503 1620 606 1654 Quelle
632 1621 710 1648 steht
737 1630 783 1647 am
813 1621 945 1649 schluss:
978 1620 1338 1658 Mis[eric=›rdiam]“.
1368 1637 1404 1640 —
1431 1624 1487 1650 Die

163 1657 466 1695 Strophenabteilung
487 1659 543 1686 soll
565 1668 620 1686 nur
643 1659 689 1686 die
711 1660 852 1687 textliche
873 1660 966 1692 (nicht
989 1660 1210 1689 musikalischel
1228 1662 1404 1696 Synimetrie
1425 1670 1488 1688 ver-

162 1697 399 1724 anschaulichen.

484 1782 554 1814 464.
586 1783 624 1813 In
645 1784 883 1821 Assumptione
907 1784 1036 1814 Beatae
1060 1785 1104 1814 M.
1128 1784 1166 1814 V.

211 1864 221 1894 1
255 1861 357 1903 Audi,
387 1868 486 1905 reela,
948 1864 992 1896 Et
1018 1865 1154 1900 melma,

256 1909 456 1951 Praeelecta‚
951 1912 1079 1952 Divina,

254 1958 382 1991 Dilecta
999 1962 1141 2000 Benigno

303 2008 393 2039 Vena
419 2007 540 2049 veniae,
998 2009 1038 2040 Et
1068 2010 1163 2047 digna

209 2059 226 2088 5
304 2056 463 2088 Laetitiae
879 2058 920 2090 15
950 2058 1072 2089 Aurem
1101 2059 1190 2087 tuam
1220 2057 1425 2099 laudandam,

302 2104 434 2144 Hortus,
455 2102 525 2136 fons
539 2105 791 2144 misericordiae,
949 2105 1202 2145 Decantaudam,

254 2152 363 2184 Plebis
390 2152 454 2183 dux
482 2152 546 2192 pia,
949 2154 1139 2194 Amandum,

251 2200 353 2240 Audi,
381 2199 464 2242 filia,
949 2202 1033 2243 Quia
1046 2201 1481 2241 concupivitrexsanctorum

300 2248 345 2280 Et
369 2247 442 2280 vide
467 2251 648 2280 sanctorum
948 2250 988 2282 Et
1017 2251 1104 2282 Deus
1130 2251 1314 2290 angelorum

184 2297 227 2330 10
303 2297 423 2336 Regem
449 2296 636 2336 angelorum
874 2299 916 2331 20
992 2299 1136 2338 Speciem
1161 2300 1263 2332 tuam.

232 2383 344 2410 Direct.
366 2391 418 2409 ms.
443 2381 524 2408 chori
547 2381 733 2409 Secoviensis
755 2383 825 2410 anni
849 2381 930 2410 1345.
966 2384 1036 2411 Cod.
1051 2385 1192 2412 Graecen.
1215 2383 1279 2412 756.
1295 2385 1328 2412 A.
1345 2400 1381 2403 —
1395 2383 1485 2413 Grad.

155 2430 208 2449 ms.
230 2421 432 2449 Allovadense
456 2421 525 2447 anni
551 2418 632 2448 1410.
667 2420 737 2448 Cod.
758 2418 933 2449 Altovaden.
954 2420 1001 2450 42.
1023 2424 1055 2450 Β.
1074 2437 1108 2442 -
1123 2421 1142 2450 4
1162 2423 1256 2451 Plena
1277 2425 1380 2451 veniae
1399 2425 1431 2451 B.
1450 2440 1488 2443 —
