1653 2689
649 106 907 142 —159—

193 198 315 226 Colleet.
344 207 398 228 ms.
420 200 574 230 Canonum
594 203 805 231 Moissiaeense
813 201 848 237 (2²)
875 210 950 230 saec.
972 200 1046 230 ¹⁰l11.
1087 202 1157 230 Cod.
1179 203 1312 231 Vatican.
1334 204 1437 239 Regin.

115 233 184 265 974.
205 236 271 264 add.
292 245 370 266 saec.
394 237 469 266 ¹⁰lu.
489 239 525 267 A.
546 253 583 259 —-
597 241 686 277 Trop.
707 250 760 269 ms.
774 241 968 268 Vedastinum
990 248 1065 268 saec.
1089 239 1133 267 11.
1167 240 1239 269 Cod.
1253 242 1438 269 Cameracen.

115 272 153 302 76
177 271 246 310 (75).
273 275 306 303 Β.
326 291 365 297 -
391 277 479 314 Trop.
508 285 562 306 ms.
590 279 796 307 Wiutoniense
823 287 898 307 saec.
931 277 974 307 11.
1015 278 1084 306 cod.
1113 279 1187 306 Coll.
1217 281 1303 315 Corp.
1326 280 1436 307 Christi

117 312 341 350 cantabrigieu.
369 311 435 343 473.
463 315 494 344 C.
515 330 553 335 —
579 317 668 353 Trop.
695 326 748 345 ms.
774 317 982 346 Glastoniense
1005 316 1265 351 (wantuariense)
1291 325 1365 345 saec.
1395 316 1438 344 11.

114 359 161 378 ex.
185 349 227 386 (et
253 350 311 386 12.)
349 352 421 380 Cod.
448 354 613 382 Londinen.
643 356 736 392 Calig.
764 357 788 382 A
818 356 895 383 XIV.
921 357 956 384 D.
978 370 1015 374 —-
1035 353 1110 382 4-7
1137 355 1233 383 fehlen
1255 356 1341 383 BCD.
1366 370 1397 374 —-
1421 354 1437 382 7

118 388 206 418 Cei-se
227 389 264 417 A.
287 405 322 410 —
343 391 496 419 Abschrift
516 401 573 420 von
595 394 619 420 A
640 394 791 421 verdanke
813 394 859 420 ich
882 395 1046 422 Baunister.

551 505 620 535 371.
652 505 691 534 111
712 506 810 536 unius
832 506 1008 544 Martyris.

157 583 188 617 1.
213 582 286 623 Eia,
314 591 464 615 canamus
847 588 878 618 2.
905 586 967 617 Hic
993 590 1065 623 tuus
1091 588 1220 618 sanctus

214 639 325 663 omnes
351 630 421 663 Deo
446 640 561 671 magno
905 634 975 674 lege
1003 638 1056 665 tua
1082 641 1208 673 semper

213 681 333 720 mente,
359 687 438 710 voce
463 680 557 711 simui
904 682 1020 713 meruit
1047 680 1111 713 frui
1139 690 1207 713 cum

214 727 340 759 cantica
365 726 472 760 laeta:
902 728 966 761 fide
991 728 1133 762 iucunda,

213 771 255 800 In
274 771 385 800 virtute
405 775 461 800 tua
903 776 929 801 et
953 781 1044 810 super
1065 773 1200 802 salutare
1221 776 1305 801 tuum

213 809 378 840 laetabitur
398 811 508 844 iustus,
905 811 1068 841 emsultabe't
1088 811 1268 842 vehementer

590 891 624 922 3.
651 889 768 921 Petivit
796 899 891 922 unum

651 946 670 968 a
696 943 736 978 te,
766 938 851 969 Deus
878 947 950 980 une,

650 988 684 1016 ut
710 986 813 1017 incola
841 984 924 1017 foret

651 1032 684 1064 in
711 1034 805 1065 domo
831 1038 908 1071 tua;

652 1076 833 1106 desiderium
855 1087 873 1106 α
878 1078 975 1107 nimae
996 1079 1042 1106 eiu
1048 1086 1061 1105 s

652 1115 786 1144 tribuisti
806 1117 840 1143 ei.

196 1185 284 1221 Trop.
307 1193 359 1212 ms.
382 1184 589 1212 Wintoniense
611 1192 687 1212 saeC.
712 1182 754 1211 11.
789 1184 858 1212 Cod.
881 1184 953 1211 Coll.
977 1184 1062 1219 Corp.
1086 1184 1196 1212 Christi
1218 1186 1437 1220 Cautabrigien.

117 1222 184 1251 473.
205 1223 239 1251 A.
260 1237 292 1243 —-
313 1224 402 1257 Trop.
425 1232 477 1250 ms.
492 1223 701 1251 Glastonieuse
715 1223 739 1254 (ἱ)
749 1222 971 1254 Cautuariense)
991 1231 1065 1249 saec.
1085 1221 1126 1249 11.
1150 1231 1193 1250 ex.
1214 1225 1253 1253 (et
1277 1222 1330 1257 12.)
1370 1223 1439 1251 eod.

118 1262 284 1290 Londinen.
305 1261 397 1297 Calig.
420 1263 443 1289 A
465 1261 546 1288 XIV.
569 1262 600 1289 B.
622 1276 659 1281 —
684 1260 714 1293 1,
742 1258 759 1286 2
786 1261 840 1288 tibi
862 1262 926 1288 Deo
948 1261 985 1294 133
1014 1262 1076 1288 Deo
1099 1270 1203 1296 magne
1225 1262 1283 1288 ΑΒ.
1306 1276 1342 1280 -
1363 1260 1397 1296 3,
1424 1260 1441 1287 3

118 1303 150 1328 tu
171 1302 201 1328 in
222 1300 287 1328 loeo
308 1300 391 1328 fieret
411 1301 446 1327 A.

551 1374 620 1404 372.
653 1374 691 1403 In
713 1373 812 1404 nnius
834 1373 1009 1410 Martyris.

254 1457 285 1489 1.
312 1454 509 1494 Tripudiaus
538 1457 671 1494 martyr,
699 1453 828 1486 caelesti
855 1461 985 1485 munere
1012 1452 1124 1492 fretus,

387 1499 571 1528 Laetabitur
592 1499 691 1528 iustus
712 1499 747 1527 in
768 1497 912 1531 Domino,

253 1543 286 1575 2.
314 1541 412 1581 Quem
439 1541 515 1573 totis
541 1549 667 1580 semper
694 1540 806 1572 dilexit
832 1539 954 1572 nisibus
979 1540 1059 1582 ipse,

385 1589 412 1615 et
433 1585 565 1622 sperabit
587 1586 621 1614 in
641 1594 673 1615 eo

253 1629 285 1661 3.
312 1627 505 1660 christicola
530 1636 646 1667 perpes
673 1626 793 1658 sanctis
819 1626 1014 1666 glomeratus
1040 1626 1073 1657 in
1100 1635 1231 1668 aevumq

387 1676 413 1702 et
433 1672 646 1701 laudabuntur
666 1680 767 1700 onmes
789 1672 863 1700 'recti
883 1671 979 1700 corde.

193 1742 282 1778 Trop.
310 1751 362 1770 ms.
390 1742 582 1769 Martialense
610 1749 685 1769 eaeo.
718 1738 760 1768 10.
802 1741 873 1769 Cod.
900 1741 1029 1779 parisin.
1053 1739 1135 1768 1084.
1158 1741 1192 1768 A.
1214 1755 1251 1759 —
1271 1741 1359 1776 Trop.
1388 1749 1440 1768 ωε.

115 1780 308 1809 Martialense
335 1789 411 1809 saec.
436 1778 479 1808 10.
508 1789 552 1808 ex.
595 1780 666 1807 Cod.
690 1780 816 1806 Parisin.
840 1778 921 1807 1118.
944 1780 977 1807 Β.
999 1793 1035 1798 -
1056 1779 1144 1814 Trop.
1174 1788 1226 1806 ms.
1249 1779 1439 1807 Martialense

114 1827 193 1847 saec.
218 1817 261 1846 11.
301 1819 371 1847 Cod.
392 1819 519 1847 Parisin.
541 1817 605 1846 909.
628 1819 660 1846 C.
682 1833 718 1838 —
739 1818 827 1854 Trop.
849 1827 902 1845 ms.
927 1818 957 1845 S.
977 1818 1100 1844 Martini
1121 1818 1342 1845 Lemovicensis
1364 1825 1440 1846 saec.

117 1856 158 1885 11.
189 1859 228 1885 in.
276 1858 346 1887 Cod.
371 1857 499 1885 Parisin.
529 1855 611 1885 1120.
638 1858 674 1884 D.
707 1873 741 1877 —
770 1856 857 1891 Trop.
885 1865 937 1883 ms.
963 1856 1116 1884 Aeduense
1142 1865 1217 1884 saec.
1246 1855 1318 1884 ¹⁰l11.
1369 1857 1440 1884 Cod.

115 1896 244 1924 Parisin.
266 1897 368 1924 Arsen.
392 1894 474 1924 1169.
496 1896 531 1923 E.
554 1911 591 1915 —
612 1895 701 1930 Trop.
723 1903 776 1922 ms.
796 1894 1009 1922 Moissiacense
1036 1903 1112 1922 saec.
1138 1893 1180 1922 11.
1222 1895 1293 1923 Cod.
1314 1896 1441 1923 Parisin.

116 1936 213 1963 Nouv.
234 1944 299 1972 aeq.
323 1933 404 1963 1871.
426 1935 458 1962 F.
481 1949 518 1954 —
538 1934 627 1969 Trop.
649 1943 701 1961 ms.
723 1933 905 1961 Nivernense
928 1942 1003 1960 saec.
1028 1932 1070 1960 ll.
1113 1934 1184 1961 Cod.
1206 1934 1333 1962 Parisiu.
1356 1932 1439 1962 9449.

117 1973 152 2002 G.
173 1988 212 1992 —
231 1974 319 2011 Trop.
341 1982 394 2001 ωε.
417 1973 704 2009 Sammaglorianum
726 1980 802 1999 saec.
825 1970 869 1999 12.
910 1972 981 2000 Cod.
1002 1972 1130 1999 Parisin.
1156 1970 1262 2001 13252.
1285 1974 1322 2000 Η.

192 2013 282 2048 Trop.
309 2021 364 2040 ms.
391 2012 630 2040 Emmerameuse
656 2012 727 2039 anni
755 2009 916 2039 1024—36.
945 2010 1018 2039 Clm.
1045 2010 1198 2039 Monacen.
1231 2009 1337 2039 14322.
1361 2012 1383 2038 1.
1405 2026 1441 2030 —

116 2051 205 2087 Trop.
227 2060 279 2078 ms.
303 2051 543 2078 Emmeramense
564 2059 640 2078 saec.
665 2048 737 2077 ¹¹l12.
759 2050 832 2077 Clm.
854 2050 1008 2077 Monacen.
1032 2047 1140 2077 14083.
1162 2051 1197 2077 K.
1219 2065 1257 2069 —
1273 2050 1361 2087 Trop.
1388 2059 1441 2078 ms.

117 2089 148 2118 S.
169 2089 285 2117 Arnulfi
305 2089 449 2117 Metensis
470 2097 547 2117 saec..
569 2087 614 2116 12.
635 2090 676 2116 in.
712 2087 783 2116 Cod.
804 2088 913 2116 Meten.
934 2085 1000 2116 452.
1014 2089 1048 2116 L.
1061 2103 1098 2106 —
1113 2088 1202 2125 Trop.
1224 2098 1277 2116 ms.
1291 2090 1441 2117 Glastoni-

117 2137 185 2156 ense
206 2128 230 2163 (?
239 2126 464 2159 Cautum-ieme)
484 2135 558 2155 saec.
582 2125 626 2155 11.
648 2135 691 2154 ex.
711 2126 752 2161 (et
778 2125 833 2159 12.)
866 2126 935 2155 Cod.
959 2127 1122 2155 Londinen.
1145 2128 1239 2163 Calig.
1260 2128 1285 2155 A
1306 2128 1383 2155 XIV.
1400 2127 1439 2155 M.

198 2165 213 2194 1
241 2167 380 2195 caelestis
400 2166 440 2199 A·‚
468 2174 588 2194 munere
614 2166 704 2194 refert
727 2165 768 2198 E,
796 2166 899 2193 feritur
920 2166 952 2193 C.
974 2179 1010 2183 —
1031 2164 1050 2193 3
1071 2165 1145 2193 fehlt
1164 2166 1196 2194 C.
1218 2182 1253 2186 —
1276 2164 1294 2193 3
1320 2166 1442 2194 Christi-

117 2205 191 2233 colis
212 2207 314 2239 1—M3
342 2207 461 2232 sanctus
482 2204 522 2239 A;
547 2204 727 2240 glomeratur
746 2204 786 2237 H,
813 2204 1015 2241 glomerantur
1035 2205 1075 2232 M.
1097 2219 1134 2224 —·-
1155 2205 1189 2232 In
1210 2205 1237 2232 D
1259 2205 1333 2241 folgt
1353 2205 1441 2232 noch:

387 2252 515 2288 Agmina
535 2252 595 2279 iam
616 2253 727 2280 caelica
747 2252 817 2280 dent
838 2253 892 2280 tibi
913 2252 1016 2280 laudes
1037 2256 1181 2285 aeternas,

464 2291 536 2326 quia
557 2287 667 2318 Gloria
687 2293 713 2318 et
732 2290 844 2318 honore
863 2290 1020 2319 coronasti
1041 2295 1094 2319 etc.

121 2339 329 2375 verwendung
349 2337 417 2367 sehr
436 2338 721 2375 verschiedenartig;
742 2339 778 2367 In
792 2338 896 2367 BEFL
917 2339 970 2366 auf
980 2339 1164 2372 Vincentius,
1188 2342 1218 2368 in
1232 2341 1257 2368 A
1278 2341 1332 2368 auf
1342 2340 1445 2368 Satur-

116 2377 406 2447 ἶῖυῧὶέἓῦῗήῗῑ
418 2377 551 2413 Cyricus,
577 2379 608 2404 in
629 2377 652 2404 C
672 2377 748 2406 ohne
768 2377 892 2415 Angabe
913 2377 964 2406 des
985 2378 1135 2416 Heiligen‚
1157 2380 1187 2406 in
1208 2379 1315 2407 HIKM
1336 2380 1390 2407 wie
1411 2381 1442 2408 in
