1653 2689
743 86 1006 116 —154—

616 204 685 234 392.
717 204 755 234 111
775 202 965 241 Epiphania
984 201 1134 233 Domini.

231 287 261 319 1.
289 285 416 319 Laudes
444 285 546 318 dicam
573 283 730 316 altissimo
917 284 948 317 2.
975 281 1110 314 Carnem
1135 291 1263 314 sumens
1289 282 1330 315 de
1355 281 1479 324 virgine

289 334 452 367 Concentu
480 332 696 367 devotissimo,
974 329 1072 362 Nullo
1096 333 1259 372 gravatam
1285 330 1428 372 crimine,

289 381 347 420 Qui
374 386 502 414 nostrae
529 380 633 412 carnis
660 379 736 411 vilia
973 378 1071 418 Quem
1098 379 1256 419 cognitum
1283 387 1343 419 per
1367 379 1474 411 sidera

289 430 352 463 Sua
380 430 492 462 ditavit
519 429 629 469 glor-ia,
972 425 1061 466 Magi
1087 432 1253 467 quaerunt,
1285 427 1362 459 dant
1387 435 1529 468 munera,

606 477 638 507 3.
665 473 729 505 Sed
754 482 817 505 non
841 474 912 505 sine
935 474 1099 516 mysterio,

663 522 706 554 Ut
736 529 888 562 praesens
915 522 994 554 dicit
1019 522 1108 555 lectio

723 566 827 595 Isaiae
842 567 1015 603 prophetae,

383 612 415 644 4.
442 611 479 643 In
506 618 567 649 qua
593 607 694 647 fulget
719 617 880 647 magorum
909 604 927 624 *
955 607 1116 648 profunda
1141 608 1289 649 cognitio.

509 654 611 690 Surye,
633 653 816 687 illuminare,
837 652 1010 687 Ierusalem,

385 699 416 729 5.
443 696 479 728 In
505 704 567 735 qua
592 694 683 726 nobis
708 694 764 726 lux
788 703 903 734 magna
928 691 947 710 *
974 694 1076 726 oritur
1100 694 1292 735 gratissima,

509 740 579 776 quia
600 740 679 767 rem't
702 739 801 767 lumen
821 741 916 772 tuum,

387 784 417 814 6.
444 781 505 814 Dei
529 780 700 812 invisibilis
727 777 744 795 *
772 780 857 812 filius
881 780 1081 819 interminus,

507 830 532 854 ei
551 825 649 861 [floria
670 823 799 854 Domini

390 868 419 899 7.
447 867 558 899 Saecla
583 867 737 897 revehens
764 866 865 897 altera

509 921 598 947 super
620 914 645 939 te
665 914 730 939 orta
752 914 794 939 est

384 954 414 985 Β.
442 953 482 985 Et
513 952 678 984 renovabit
704 952 825 992 omnia3

510 998 592 1034 quia,
615 1006 683 1031 eece,
704 996 839 1025 tenebrae
859 997 991 1032 operient
1011 999 1119 1025 terram

387 1039 417 1070 9.
444 1038 485 1070 Et
517 1039 680 1070 criminum
706 1037 891 1069 umbracula

510 1087 535 1111 et
556 1083 653 1119 ealiyo

365 1125 417 1156 10.
445 1123 612 1156 Obducens
640 1123 737 1155 eorda
763 1124 857 1156 noxia

507 1168 637 1204 populos

363 1210 415 1241 11.
444 1209 598 1241 Sedentes
624 1209 675 1240 hic
699 1209 730 1240 in
759 1208 910 1243 tenebris,

511 1254 608 1291 Super
629 1257 655 1282 {e
676 1257 772 1282 autem
795 1254 908 1283 orietur
929 1253 1082 1282 Dominus
1103 1260 1155 1282 etc.

298 1331 413 1359 Prosar.
442 1342 492 1358 ms.
515 1333 631 1359 Amesti
654 1331 810 1367 pragensis
832 1333 901 1358 anni
924 1328 1006 1358 1363.
1048 1331 1118 1359 Cod.
1139 1332 1236 1366 Capit.
1257 1331 1382 1366 Prageu.
1406 1330 1430 1357 P
1450 1327 1476 1356 9.
1499 1343 1534 1348 —-

220 1370 237 1397 5
266 1379 371 1406 magna
399 1370 479 1396 fehlt.
500 1385 534 1388 —
561 1369 594 1397 ll
621 1370 669 1396 hic
696 1370 775 1396 fehlt.
798 1385 832 1388 -
855 1370 915 1396 Der
936 1370 1006 1396 Rest
1031 1370 1082 1397 der
1101 1370 1285 1405 Tropieruug
1309 1368 1384 1395 lauft
1405 1370 1436 1395 in
1454 1369 1534 1395 reine

221 1409 314 1436 Prosa
336 1417 396 1436 aus.
419 1408 535 1435 iihnlich
558 1410 612 1435 wie
633 1409 679 1435 bei
703 1408 752 1436 Nr.
774 1406 839 1435 388.

582 1521 651 1550 3213.
682 1520 719 1551 In
741 1520 1005 1550 Resurrectione
1025 1519 1173 1550 Domini.

566 1602 595 1632 1.
623 1599 702 1639 Regi
728 1599 878 1638 perennis
903 1599 1024 1638 gloriae

621 1647 733 1686 Pangit
762 1646 858 1678 decus
885 1647 1047 1687 victoriae,

622 1694 688 1732 Qua
714 1703 798 1726 mors
826 1695 951 1726 devicta
975 1695 1081 1735 periit,

622 1741 665 1773 Et
690 1741 755 1773 vita
779 1741 871 1773 nobis
896 1742 1004 1783 rediit,

225 1788 329 1817 Lectio
353 1787 494 1825 epistolae
515 1788 592 1816 beati
612 1786 708 1815 Pauli
728 1786 861 1823 apostoli
881 1787 921 1815 ad
945 1786 1126 1816 Corinthios.
1167 1786 1306 1820 Fratres,

565 1830 597 1861 2.
626 1828 746 1859 Christi
771 1828 929 1868 redempti
957 1829 1119 1868 sanguine,

622 1875 733 1916 Regali
758 1877 845 1907 uncti
871 1875 1052 1915 chrismate,

622 1923 698 1955 Post
725 1922 912 1955 delictorum
940 1923 1063 1955 veniam

621 1971 665 2003 Et
686 1971 910 2010 triumphalem
935 1971 1069 2011 gratiam

223 2021 388 2056 eaput-(late
410 2022 489 2047 retus
510 2018 697 2053 fermentum,

565 2059 595 2090 3.
623 2057 690 2096 Quo
715 2057 812 2088 subiit
838 2057 1000 2089 interitum

622 2105 721 2137 Omne
747 2114 844 2145 genus
869 2105 1060 2141 mortalium,

225 2155 258 2180 w
279 2152 349 2180 sitis
370 2160 446 2181 ποι-ιι
468 2151 650 2187 conspersio,
672 2151 751 2179 sieut
774 2151 845 2179 estis
867 2150 977 2188 aeymi,

567 2193 600 2226 4.
626 2191 808 2224 'rendentes
833 2191 875 2224 ad
901 2192 1062 2231 caelestia‚

621 2240 673 2272 Ad
699 2240 926 2280 promissorum
952 2239 1079 2280 gaudia,

629 2288 716 2326 Quae
742 2288 876 2320 eontulit
900 2287 1066 2328 magnifice

625 2335 771 2368 Christus
797 2345 966 2376 resurgens
992 2336 1099 2369 hodie.

224 2381 343 2411 Etenim
363 2381 481 2419 pascha
503 2383 645 2410 nostrum
670 2381 842 2410 immolatus
863 2384 906 2410 est
926 2381 1073 2417 Christus,
