1653 2689
597 292 666 324 248.
696 293 736 323 In
756 292 954 324 sanctornm
972 259 1230 333 huncenflfflj
1302 302 1310 313 ¹
1331 287 1345 301 ¹⁴

396 378 427 411 1.
453 375 589 408 Psallite
613 384 697 408 nnnc
723 375 860 416 Christo,
886 376 990 416 pueri,
1017 375 1144 408 dicente
1167 374 1345 416 propheta:

507 418 560 449 Ea:
578 428 627 448 ore
646 421 826 457 infantium,
847 419 940 456 Deus,

395 464 427 496 2,
452 461 512 501 Qui
537 465 672 492 mortem
697 461 837 492 tolerare
860 470 950 492 suam
974 469 1036 501 pro
1062 468 1198 500 corpore
1223 459 1358 503 Christi,

509 508 564 540 eia,
586 508 613 534 et
632 505 806 534 lactentium
822 505 979 542 perfecisti
998 503 1118 534 laudem
1133 513 1184 541 pr.
1204 503 1346 534 inimicos
1365 507 1444 535 tuos.
1459 545 1470 550 ‘

326 585 414 620 Trop.
442 593 494 610 ms.
521 583 675 610 Aeduense
701 591 777 610 saec.
807 580 881 610 ¹⁰lu.
921 582 993 611 Cod.
1019 583 1146 610 Parisin.
1175 579 1258 609 1169.
1285 581 1320 609 A.
1339 597 1380 601 —
1397 582 1488 618 Trop.
1514 589 1570 612 mu.

252 623 537 660 Sammaglorianum
559 629 634 648 saec.
653 619 696 648 12.
731 621 800 649 Cod.
814 621 942 648 Par-isin.
960 618 995 648 13
1003 618 1068 648 252.
1083 621 1117 648 Β.
1131 635 1170 639 -
1182 618 1201 647 2
1213 619 1288 648 fehlt
1300 619 1340 655 B;
1361 623 1434 648 statt
1447 620 1570 648 deenen:

250 663 327 689 Nate
348 662 403 689 Dei
425 660 552 687 clemens
573 664 627 687 etc.
648 659 682 692 (s.
703 659 898 687 Laudibus
925 659 1112 686 infantum
1139 659 1191 686 Nr.
1211 655 1288 692 244).

597 790 666 821 2⁴19.
699 790 736 820 In
758 790 954 821 sanctorum
975 790 1222 821 Innocentium.

425 875 457 908 1.
485 875 591 914 Pange
616 875 799 914 prophetali
825 883 994 914 puerorum
1021 883 1100 906 voce
1125 879 1275 907 caterva:

546 919 599 948 Em
619 927 669 948 ore
688 919 871 956 infantium.
891 919 978 948 Deus

423 963 456 994 2.
483 960 621 1000 Christe,
648 960 707 992 tibi
733 961 902 1000 praeclara
926 961 1003 993 boat
1027 969 1125 1001 super
1149 964 1237 993 astra
1263 969 1407 1004 camena,

545 1008 572 1034 et
595 1005 768 1034 lactentium

425 1049 456 1080 3.
484 1046 671 1078 Sanctorum
699 1047 844 1078 recolens
869 1048 1054 1087 pariterque
1079 1050 1168 1088 gesta
1193 1047 1342 1087 piorum,-

541 1091 700 1129 perfecisti
719 1091 847 1125 laudem,

424 1134 458 1165 4.
483 1133 552 1172 Qua
577 1141 694 1172 pueros
720 1133 842 1172 pateris
868 1136 995 1165 sanctos
1021 1141 1080 1172 per
1105 1133 1212 1164 saecla
1239 1132 1329 1164 beari

541 1180 666 1214 propter
686 1177 826 1206 inimicos
847 1180 925 1206 tuos.

329 1256 416 1291 Trop.
440 1263 491 1280 ηις.
512 1255 703 1282 Martialense
728 1263 803 1282 saec.
827 1253 870 1282 10.
912 1255 982 1282 Cod.
1003 1255 1129 1284 Parisin.
1155 1253 1237 1282 1084.

600 1386 668 1417 250.
700 1387 737 1416 In
761 1387 956 1416 sanctorum
977 1387 1223 1418 Innocentium.

428 1470 458 1502 1.
486 1470 601 1501 Inclita
627 1479 686 1501 vox
709 1474 836 1502 resonet
861 1471 977 1510 puerili
1004 1471 1144 1502 carmine
1170 1471 1310 1511 Christo,

484 1517 684 1556 Martyrialis
707 1527 805 1549 ovans
831 1518 881 1549 cui
907 1518 976 1549 laus
1001 1518 1165 1550 iubilando
1191 1517 1328 1551 fatetur:

548 1561 600 1590 Ex
618 1571 666 1591 ore
687 1562 864 1598 infantium,
886 1561 983 1598 Deus,

427 1604 458 1635 2.
487 1603 655 1642 Virgineae
680 1612 772 1642 quem
797 1603 976 1643 glorificant
1003 1613 1095 1636 voces
1121 1603 1298 1645 beatorum,

547 1650 573 1676 et
593 1647 772 1682 lacten-tium,

428 1689 459 1721 3.
486 1688 692 1728 Omnipotens
716 1690 837 1720 eunctis
864 1690 964 1721 niteat
989 1690 1092 1721 virtus
1117 1693 1152 1721 nt
1177 1690 1330 1733 honestis,

545 1734 700 1769 perfecisti
720 1733 850 1767 laudem,

429 1775 461 1807 4.
487 1774 586 1814 Quam
613 1775 735 1813 puerile
762 1775 858 1806 decus
884 1775 996 1807 reboat
1021 1775 1091 1813 tibi,
1119 1775 1256 1812 Christe,
1285 1776 1343 1808 sub
1370 1786 1428 1809 ara

545 1821 671 1856 propter
689 1819 828 1849 inimicos
848 1823 927 1849 tuos.

331 1899 420 1934 Trop.
449 1906 500 1924 ms·
521 1897 711 1925 Martialense
737 1906 813 1925 saec.
843 1896 886 1926 10.
927 1899 998 1926 cod.
1019 1899 1144 1926 Parisin.
1169 1897 1251 1928 1084.
1273 1915 1311 1918 —
1330 1898 1349 1927 2
1369 1901 1513 1937 Virginea
1533 1903 1572 1928 te.

635 2030 703 2060 ⁶251.
736 2030 773 2059 ln
795 2030 925 2061 Octava
945 2031 1190 2062 Innocentium.

433 2115 463 2147 1.
490 2113 654 2145 Mentibus
680 2112 812 2147 intentis
837 2123 1019 2146 resonemus
1045 2117 1186 2148 carmina
1211 2114 1321 2150 laudis

488 2161 532 2193 Et
558 2170 627 2192 cum
654 2162 825 2202 psalmista
851 2163 992 2194 dicamus
1019 2173 1096 2195 voce
1121 2173 1256 2199 sonora:

549 2205 601 2234 Ex
621 2214 670 2234 ore
690 2207 871 2243 infantium,
891 2207 987 2241 Deus,
1008 2211 1034 2237 et
1055 2209 1229 2238 lactentium

546 2245 702 2282 perfecisti
721 2244 842 2274 laudem
858 2249 984 2283 propter
1004 2247 1143 2277 inimicos
1163 2250 1243 2277 tuos.

427 2287 461 2319 2.
489 2285 592 2329 Nunc,
619 2285 747 2327 fratres,
775 2285 881 2320 enesis
906 2292 1088 2328 repetamus
1114 2289 1213 2322 verba
1238 2288 1364 2330 salutis,

486 2335 573 2374 Quae
596 2334 717 2374 psaltes
743 2332 813 2375 regi
839 2335 885 2366 sic
910 2334 975 2368 fert
1000 2338 1160 2370 cantanda
1185 2335 1340 2378 perenni:

549 2378 602 2408 Ex
623 2387 672 2408 ore
691 2379 860 2417 infantium
882 2383 933 2410 etc.

330 2459 420 2496 ΤΙ-ορ.
442 2466 496 2485 ms.
517 2457 664 2494 Augiense
685 2466 760 2486 saec.
785 2457 828 2486 10.
872 2459 943 2487 Cod.
964 2460 1156 2498 Bambergen.
1177 2461 1225 2490 Ed
1245 2462 1272 2488 V
1291 2459 1319 2490 9.
