1653 2689
528 269 595 300 153.
628 269 665 299 Iu
687 269 911 299 Dedicatione
931 268 1117 300 Ecclesiae.

252 369 284 401 1.
310 368 475 400 Laudibus
500 368 660 399 insomnes
685 368 802 398 instate
828 366 1009 398 celebribus
1033 375 1142 398 omues

313 415 417 448 Verba
442 424 529 446 mera
554 419 659 446 mente
685 414 853 453 psallendo
879 414 975 446 Iacob
1002 414 1222 454 patriarchae:

396 459 551 489 Terrtmlzsss
571 462 614 488 est
636 459 718 488 locus
739 459 811 494 iste;
832 458 881 487 liic
902 458 1008 487 domus
1028 458 1089 488 Dei
1109 461 1151 487 est

394 502 420 526 et
436 499 530 534 porta
551 497 634 531 caeli,
656 499 681 526 et
701 497 855 526 vocabitur
875 496 948 525 aula
969 495 1038 533 Dei,

252 541 283 573 2.
309 540 409 579 Quam
437 547 492 570 nos
519 539 641 570 intrare
668 538 775 570 brevis
802 537 880 569 haec
906 543 979 578 post
1003 541 1148 577 tempore
1174 538 1258 570 vitae

310 587 475 618 Ecclesiae
500 586 607 626 sponsi
635 586 788 617 concedat
814 585 918 625 gratia
944 585 1074 618 Christi.

395 633 494 668 (guam
513 630 619 659 dilecta
641 630 836 659 tabernacula
858 632 920 664 tua,
941 629 1074 659 Domine
1093 630 1253 660 vIrtutum!

396 669 581 706 concupiscit
600 671 627 697 et
647 668 744 704 deficit
765 668 870 698 anima
891 676 954 697 mea
975 667 1009 696 in
1030 669 1111 697 atria
1133 667 1270 697 Domini.

255 713 285 744 3.
312 710 401 742 Festi
427 710 606 750 praesentis
633 719 703 741 cum
729 709 793 741 sint
819 711 904 741 velut
929 709 1042 741 umbra
1067 710 1229 749 sequentis

312 757 448 793 Gaudia,
477 758 614 789 sollicite
641 757 825 789 studeamus
851 757 892 789 ad
918 757 975 789 illa
1001 758 1120 790 venire.

397 802 549 831 Terribilis
572 805 613 829 est
636 802 716 831 locus·
740 802 794 831 istc
815 806 865 830 etc.

244 891 329 925 Trop.
353 899 405 916 ms.
420 891 632 917 Ottoburanum
656 899 731 917 saec.
755 888 796 916 12.
813 891 852 916 iu.
868 890 941 917 Clm.
956 890 1109 917 Monacen.
1125 887 1233 918 27130.
1248 889 1282 917 Α.
1304 904 1341 909 -
1361 889 1486 917 Collect-

168 937 221 956 ms.
245 928 479 956 Millestadiense
510 937 585 955 saec.
620 926 662 955 12.
708 928 778 956 cod.
805 928 946 955 Graecen.
976 926 1058 955 1449.
1086 927 1150 955 add.
1181 936 1256 956 saec.
1283 926 1358 955 ι21η.
1386 929 1421 957 B.
1450 943 1485 948 —

170 967 195 999 1,
217 965 234 993 2
255 975 334 994 mera
355 975 426 994 voce
448 967 486 1000 B;
509 966 660 1002 spallendo
683 967 715 993 A.
739 981 774 986 „-
799 964 824 999 2,
850 966 862 993 1
886 966 943 993 und
965 965 983 993 2
1004 966 1173 1001 umgestellt
1191 967 1222 993 B.
1244 980 1281 983 ——
1302 964 1329 999 2,
1352 964 1365 993 1
1389 967 1485 1000 Quam

169 1005 242 1032 fehlt
262 1005 294 1031 B.
315 1019 351 1023 —-
372 1003 398 1037 3,
424 1004 435 1031 1
458 1006 621 1040 praesentis
642 1005 704 1031 dies
726 1006 785 1032 sint
806 1005 888 1031 velut
908 1006 941 1032 Β.
964 1018 1000 1023 -
1021 1003 1046 1037 3,
1070 1003 1088 1032 2
1108 1006 1209 1032 venire
1230 1004 1303 1032 fehlt
1322 1005 1356 1033 A.

245 1044 316 1070 Zum
338 1043 493 1070 Abschlul's
519 1043 614 1070 dieser
636 1042 910 1078 Kirchweihtropen
938 1045 981 1070 sei
1006 1043 1153 1076 berner-kt,
1179 1043 1245 1070 dass
1274 1045 1307 1070 in
1332 1042 1487 1070 mehreren

168 1081 397 1109 Handsehriften
425 1081 583 1108 deutschen
607 1082 790 1116 Ursprunges
816 1081 866 1108 des
901 1079 959 1113 13„
990 1079 1032 1108 14.
1054 1082 1113 1108 und
1137 1079 1179 1108 15.
1200 1080 1416 1108 Jahrhunderts
1437 1081 1485 1109 die

171 1121 242 1146 zwei
264 1123 360 1146 ersten
382 1119 527 1154 Strophen
550 1120 601 1146 der
622 1118 918 1154 Kirchweihsequenz
940 1128 997 1146 von
1020 1118 1113 1146 Adam
1134 1128 1162 1146 v.
1177 1119 1220 1147 St.
1234 1119 1339 1146 Victor
1354 1119 1486 1155 „Ecce,

169 1158 246 1184 dies
268 1156 534 1192 triumphalis“
557 1166 621 1184 zum
644 1158 887 1192 Introitustropus
909 1157 1075 1185 verwendet
1096 1158 1223 1184 wurdeu.
1262 1157 1323 1184 Auf
1339 1158 1387 1185 die
1408 1160 1485 1185 erste

171 1195 371 1231 Halbstrophe
392 1196 465 1231 folgt
481 1196 651 1230 „Terribilis
668 1194 739 1227 est“‚
762 1196 816 1222 auf
826 1195 872 1223 die
887 1195 1107 1231 Gegenstrophe
1121 1195 1172 1222 der
1185 1195 1354 1223 Psalmvers
1373 1196 1486 1230 „Quam

171 1233 313 1267 dilecta“‚
339 1234 391 1261 auf
416 1234 463 1260 die
492 1235 592 1260 zweite
614 1233 814 1268 Halbstrophe
837 1233 955 1267 „Gloria
977 1232 1087 1268 patri“,
1109 1234 1162 1260 auf
1179 1233 1226 1261 die
1247 1234 1350 1262 zweite
1370 1234 1486 1270 Gegen-

169 1272 289 1307 strophe
313 1271 359 1299 die
380 1272 548 1307 Repetition
572 1271 741 1301 ..Terribilis
763 1270 833 1298 est“.

673 1611 731 1648 ΙΙ.
770 1612 826 1649 De
851 1613 986 1649 Beata.

518 1706 584 1737 154.
616 1707 653 1736 In
675 1707 864 1737 Nativitate
886 1707 1014 1738 Beatae
1037 1709 1080 1738 Μ.
1104 1709 1142 1739 V.

603 1806 633 1839 1.
662 1804 840 1844 splendore
865 1805 1010 1838 sollemni

708 1853 819 1884 rutilat
845 1853 922 1894 dies,

660 1910 723 1940 qua
748 1901 838 1941 virgo
862 1901 967 1933 Maria

662 1947 789 1980 refulsit
814 1958 852 1980 ex
878 1949 979 1989 stirpe

707 2000 778 2028 orta
805 1997 956 2039 Davidis;

405 2040 562 2070 Gloriosae
587 2041 714 2079 virginis
735 2040 856 2071 Mariae
875 2042 1060 2072 nativitatem
1080 2042 1256 2073 hodiernam

291 2084 324 2116 2.
351 2083 479 2116 Claram
505 2086 537 2114 et
561 2083 762 2122 perspicuam
787 2092 844 2114 seu
869 2084 992 2114 cunctis
1018 2084 1114 2125 digne
1140 2086 1307 2118 colendam

406 2126 594 2156 devotissime
615 2127 789 2156 celebremus

292 2170 323 2202 3.
352 2169 458 2201 Corde
484 2173 585 2207 tenus,
614 2173 718 2201 mente
744 2174 774 2200 et
800 2169 927 2209 spiritu,
956 2178 1025 2201 cum
1051 2171 1199 2204 omnibus
1226 2173 1319 2216 votis,

407 2214 495 2242 cuius
518 2213 577 2243 vita
600 2213 713 2249 inclita,

293 2256 324 2288 4.
354 2255 493 2288 Nostrae
519 2255 683 2287 dissimilis
709 2263 808 2287 necne
834 2259 866 2287 et
891 2256 1039 2296 superior
1063 2258 1171 2298 astris,

406 2303 530 2330 monetas
549 2300 685 2330 illustrat

294 2344 328 2376 5.
356 2342 612 2382 Circumquaque
636 2343 696 2374 Dei
723 2351 782 2382 per
807 2342 916 2375 orbem
943 2344 1096 2385 sanguine
1122 2348 1265 2386 comptas

403 2387 552 2417 ecclesias.
