1653 2689
648 72 882 108 -51-

513 180 566 212 80.
594 181 635 212 ln
654 180 846 220 Epiphania
864 179 1013 211 Domini.

655 236 670 263 1
677 245 697 263 n
723 235 749 263 Ο
757 244 772 262 c
779 239 792 263 t
799 243 817 263 a
825 242 845 261 v
850 243 876 262 a.

410 300 498 338 Ecce,
519 300 641 330 advenit

277 344 311 378 1.
337 343 438 380 Iesum
466 342 550 374 dona
575 339 661 383 magi
687 339 833 374 referunt
857 342 908 374 cui
934 342 1069 381 mystica
1092 339 1178 374 terni

335 390 374 422 In
397 389 629 430 Hierosolyma
654 394 844 430 quaerentes
868 393 975 422 mente
999 389 1150 431 benigna,

333 438 404 470 Rex
428 437 484 469 ubi
509 437 552 470 sit
576 442 684 480 natus,
712 438 812 469 lateat
836 446 898 477 qua
924 437 1000 470 sede
1025 438 1163 474 locatus,

411 481 595 512 Dominator
615 481 779 517 Dominus,

277 527 309 558 2.
337 524 435 556 cuius
462 533 518 556 nos
545 525 673 558 stellam
701 523 935 564 conspeximus,
962 531 1047 563 ecce,
1066 530 1215 556 serenam

334 571 378 604 Et
402 579 509 612 regem
536 580 649 612 regum
676 573 890 613 cognovimus,
911 580 961 612 en,
988 571 1083 604 modo
1099 574 1230 609 natum;

411 619 438 646 et
457 625 582 654 reynum
603 617 637 645 in
656 625 753 645 manu
773 618 848 650 eius,

279 660 312 693 3.
338 657 395 690 Cui
423 657 559 690 debetur
584 659 700 700 honor,
727 658 787 690 soli
813 658 863 690 cui
889 657 991 698 gloria
1014 657 1118 691 maior

332 707 474 746 Perpete
505 715 574 738 cum
603 706 699 746 doxa,
725 707 795 738 laus
822 709 854 738 et
879 705 1026 738 iubilatio
1052 712 1187 743 summa,

411 753 438 781 et
453 754 591 788 potestas
612 753 638 780 et
657 751 824 788 imperium.

179 811 268 846 Trop.
287 819 339 839 ms,
354 811 502 846 Augiense
523 819 598 838 saec.
618 808 662 837 10.
697 810 766 838 Cod.
782 811 974 847 Bambergen.
995 811 1041 837 Ed
1062 810 1087 836 V
1108 808 1135 837 9.
1150 823 1187 828 —
1210 807 1272 842 1,1
1287 809 1365 836 Iesu.
1386 823 1422 826 —

105 849 221 877 Voraus
252 849 323 885 geht
353 849 417 876 dem
449 849 526 876 Ecce
557 849 693 876 advenit·
728 848 927 883 „Ecclesiae“‚
957 849 1033 876 wohl
1061 830 1251 883 Andeutung⁷‚
1283 847 1346 874 dass
1376 846 1423 874 die

105 887 279 915 wandernde
299 887 469 924 prosaische
484 887 667 915 Introductio
683 887 727 922 Sp
737 896 780 913 on
790 896 848 915 sus
870 887 945 914 eccl
955 896 970 914 e
980 889 1058 914 siae
1072 884 1357 914 vorauszuschicken
1371 886 1424 912 sei.

551 980 601 1010 Sl.
633 979 671 1008 111
693 981 832 1010 sanctae
857 979 985 1010 (rucis.

169 1051 200 1084 1.
228 1049 424 1091 Perspicuae
451 1049 565 1089 crucis,
595 1058 642 1091 en,
670 1059 816 1090 magnum
845 1050 986 1081 dicamus
1013 1050 1182 1082 honorem:

297 1093 364 1124 Nos
387 1096 486 1123 autem
506 1093 635 1132 yloriari
655 1096 770 1130 oportet
792 1094 825 1122 in
847 1103 931 1123 cruce
952 1093 996 1122 Du·
1015 1096 1114 1123 *nostri
1133 1094 1204 1123 Iesu
1226 1094 1348 1128 Christi,

169 1137 202 1169 2.
229 1136 298 1175 Qua
323 1136 475 1167 mundum
501 1135 656 1167 Dominus
682 1135 826 1175 pendens
852 1138 996 1168 a-morte
1022 1135 1167 1176 redemit,

300 1181 333 1209 in
354 1188 412 1216 quo
433 1182 477 1207 est
497 1179 594 1215 salus,
616 1179 678 1208 vita
699 1183 725 1208 et
746 1181 923 1209 resurrectio
943 1183 1060 1214 nostra,

167 1223 200 1255 3.
227 1220 389 1262 Sanguine
415 1221 468 1261 qui
494 1219 566 1252 fuso
591 1230 651 1260 pro
676 1221 768 1252 nobis
793 1221 924 1253 victima
949 1230 1041 1254 caesa
1068 1225 1128 1259 est,

292 1273 350 1304 per
370 1274 453 1302 quem
477 1265 586 1295 salvati
605 1269 633 1294 et
654 1265 774 1295 liberati
795 1274 910 1294 sumus.

179 1326 268 1360 Trop.
294 1333 349 1351 ms.
369 1325 562 1352 Martialense
590 1333 666 1353 saec.
696 1324 740 1353 10.
781 1326 852 1353 Cod.
874 1326 1000 1352 Parisin.
1025 1323 1112 1357 1084;
1142 1326 1200 1353 bis:
1231 1324 1293 1358 A¹·‚
1314 1323 1367 1352 A2.
1391 1340 1426 1342 —

103 1363 192 1398 Trop.
220 1371 274 1390 ms.
301 1363 493 1390 Martialense
521 1371 597 1390 saec.
628 1362 671 1390 10.
706 1373 750 1391 ex.
792 1363 862 1391 Cod.
888 1364 1014 1390 Parisin.
1044 1362 1125 1391 1118.
1148 1365 1179 1391 Β.
1202 1378 1237 1382 -
1258 1364 1345 1398 Trop.
1375 1373 1427 1390 ms.

102 1402 295 1429 Martialense
325 1409 400 1429 saec.
434 1400 478 1428 ll.
529 1402 599 1428 Cod.
630 1402 756 1429 Parisin.
788 1400 852 1429 909.
884 1402 915 1429 C.
943 1417 979 1421 —
1010 1403 1097 1437 Trop
1129 1411 1180 1429 ms.
1209 1405 1238 1430 s.
1265 1402 1424 1438 Augustini

101 1441 323 1468 Lemovicensis
352 1448 428 1467 saec.
458 1438 502 1466 11.
551 1440 620 1467 Cod.
650 1438 896 1472 Parisin.1119;
929 1439 1228 1473 bis:D¹·D2.—-
1255 1440 1344 1475 Trop.
1373 1449 1426 1466 ms.

102 1478 256 1506 Aeduense
277 1486 354 1506 saec.
377 1477 450 1505 ιοΙιι.
483 1477 552 1506 Cod.
569 1479 694 1506 Parisin.
711 1480 813 1506 Arsen.
838 1477 918 1506 1169.
934 1478 968 1505 E.
986 1494 1020 1497 —
1035 1479 1122 1514 Trop.
1144 1488 1197 1506 ms.
1212 1480 1424 1506 Moissiacense

102 1525 176 1545 saec.
205 1515 248 1544 11.
293 1516 364 1545 Cod.
386 1517 514 1544 Parisin.
535 1517 631 1544 Nouv.
653 1525 716 1553 aeq.
742 1515 822 1544 1871.
845 1517 875 1544 F.
898 1533 933 1537 —
956 1517 1044 1553 Trop.
1064 1527 1115 1544 ms.
1137 1517 1423 1553 Sammaglorianum

102 1563 180 1583 saec.
210 1553 254 1582 12-
296 1555 367 1583 cod.
391 1555 516 1583 Parisin.
550 1553 657 1583 13252.
680 1556 714 1583 G.
737 1570 772 1575 —
793 1556 881 1588 Trop.
907 1563 959 1584 ms.
982 1557 1187 1583 Wintoniense
1216 1565 1291 1583 saec.
1314 1554 1357 1582 10.
1379 1565 1423 1582 ex.

101 1593 172 1622 Cod.
191 1594 335 1622 oxonien.
359 1594 441 1621 Bodl.
463 1592 527 1621 775.
549 1595 587 1621 H.
609 1608 645 1613 —-
667 1594 755 1630 Trop.
777 1603 830 1621 ms.
852 1594 1058 1622 Wintoniense
1079 1603 1154 1622 saec.
1179 1593 1221 1621 11.
1256 1594 1326 1621 Cod
1348 1593 1421 1621 Coll.

102 1632 189 1668 Corp.
211 1631 323 1660 Christi
344 1631 566 1667 Cantabrigien.
586 1631 741 1660 473.1.—
757 1633 845 1668 Trop.
868 1642 919 1659 ms
941 1632 1150 1661 Glastoniense
1169 1634 1425 1665 (mantuanense)

101 1678 179 1698 saec.
202 1669 245 1698 ll.
268 1679 313 1698 ex.
334 1670 376 1703 (et
398 1669 453 1702 12.)
493 1670 563 1698 eod.
586 1671 749 1699 Londinen.
772 1672 867 1707 Calig.
888 1672 912 1698 A
934 1672 1013 1699 xlv.
1036 1671 1072 1699 Κ.
1087 1671 1154 1699 -1
1177 1680 1314 1708 mag-num
1336 1679 1422 1698 cana-

100 1718 164 1737 mus
185 1707 247 1744 D¹;
274 1709 384 1736 honore
406 1707 463 1736 D2.
485 1726 521 1729 —
543 1707 560 1736 2
582 1711 701 1737 Domini
722 1709 758 1737 Ε.
779 1725 816 1729 —
837 1708 855 1738 3
876 1712 925 1743 qui
948 1719 1000 1736 suo
1021 1719 1074 1746 pro
1096 1712 1133 1746 F3
1156 1710 1305 1746 Sanguine
1326 1711 1424 1745 proui

100 1746 206 1783 fuso(.)
225 1746 281 1775 A¹.
303 1761 340 1767 ——
360 1746 379 1774 2
400 1747 459 1775 und
479 1745 497 1775 3
519 1747 615 1776 fehlen
636 1747 699 1776 D‘:
722 1751 794 1775 statt
814 1749 933 1776 dessen:
957 1749 1146 1783 Caelestem,
1169 1748 1295 1783 Christe,
1315 1749 1424 1784 largire

102 1786 338 1814 benedictionem
360 1795 413 1822 pro
435 1787 520 1814 nobis
542 1786 666 1814 fundens
687 1788 718 1814 in
740 1795 824 1814 cruce
846 1787 1036 1823 sanguinem“
1059 1791 1112 1815 etc.
1150 1787 1352 1823 (Entlehnung
1372 1795 1425 1813 aus

99 1826 165 1853 dem
187 1827 218 1852 in
238 1824 332 1852 Prosa
353 1825 536 1861 abgefassten
557 1825 687 1861 Tropus:
713 1825 934 1853 Glorientur
962 1828 1089 1853 cuncti
1119 1826 1262 1854 fideles.
1284 1841 1319 1844 -
1342 1827 1376 1853 In
1398 1826 1425 1851 H

101 1863 160 1892 und
181 1865 195 1891 1
216 1863 385 1892 verwendet
406 1864 452 1891 fiir
473 1863 525 1891 das
546 1864 617 1891 Fest
636 1864 774 1892 Iuventio
799 1873 821 1891 s.
844 1864 956 1892 Crucis.

549 1958 599 1989 82.
630 1959 670 1989 In
692 1959 832 1989 sanctae
856 1958 986 1989 Crucis.

186 2030 218 2065 1.
245 2029 340 2061 Nunc
367 2037 460 2061 cruce
487 2028 705 2072 regnante[m]
731 2029 898 2062 laudemus
924 2038 1001 2062 voce
1027 2030 1176 2062 boantes:

312 2073 380 2103 Nos
401 2077 501 2104 autem
520 2074 652 2112 qloriari
672 2077 790 2112 oportet
809 2076 843 2103 in
865 2084 951 2105 eruce
971 2074 1012 2103 D.
1034 2074 1073 2104 N.
1096 2075 1165 2105 Iesu
1187 2075 1310 2110 Christi,

187 2119 220 2150 2.
249 2115 368 2156 Stipite
395 2115 547 2149 vulnifica
572 2116 765 2156 pendentem
793 2117 913 2149 cernite
941 2117 1058 2157 cuncti,

314 2162 348 2190 in
369 2169 430 2198 quo
451 2164 495 2190 est
516 2161 612 2196 salus,
634 2163 697 2191 vita
717 2166 743 2192 et
763 2162 943 2191 resurrectio
966 2165 1081 2197 nostra,

185 2205 217 2237 3.
245 2203 374 2236 Arbore
399 2202 536 2243 pacifica
561 2208 748 2243 regnantem
775 2203 898 2236 credite
924 2205 1040 2243 cuncti,

311 2256 367 2286 per
387 2257 474 2285 quem
495 2249 607 2278 salvati
627 2251 653 2278 et
674 2249 796 2278 liberati
815 2258 929 2278 sumus.

177 2308 265 2343 Trop.
294 2317 347 2336 ms.
376 2307 568 2335 Martialense
594 2317 670 2336 saec.
701 2307 743 2337 10.
786 2309 857 2340 Cod.
884 2309 1011 2336 Parisin.
1041 2307 1121 2337 1084.
1143 2311 1176 2337 A.
1200 2326 1234 2329 —
1257 2310 1344 2344 Trop.
1373 2318 1426 2336 ms.

97 2347 291 2376 Martialense
314 2355 391 2375 saec.
416 2345 459 2374 11.
490 2345 561 2375 Cod.
582 2347 710 2376 Parisin.
731 2345 795 2376 909.
817 2349 851 2375 Β.
866 2362 903 2366 -
923 2347 936 2375 1
959 2347 1020 2375 Nos
1041 2357 1126 2376 cruce
1146 2350 1179 2376 Β.
1194 2363 1231 2367 -
1246 2347 1264 2376 2
1283 2347 1423 2376 vulnifico

99 2389 240 2424 pentente
259 2386 294 2414 A.

1205 2434 1248 2463 4*
