1653 2689
0 43 3 53 i

7 78 10 79 ν
41 77 196 90 -w-zpq-..up
230 79 235 85 .
315 74 357 90 05,
415 78 453 86 Η..
466 74 469 76 ’
484 74 497 85 .“
559 82 561 85 .
608 79 609 82 ,

52 97 105 126 -ὶη-
123 96 126 101 -
171 76 339 118 ᾸἺΞῖ-(Ἰῆκ.
356 103 367 106 ,
406 102 410 107 .

21 135 26 142 «

132 210 165 245 2.
203 207 247 242 08
269 206 350 242 iusti
823 205 855 238 6.
895 203 1032 245 Lingua

204 255 312 288 verbis
336 253 425 288 facta
448 254 514 287 Dei
894 256 930 285 ut
956 254 1063 286 valeat

129 305 165 340 3.
202 302 430 343 Meditabitum
894 302 1016 342 gloriae

199 359 326 384 sacrum
351 351 400 383 ius
895 350 1044 382 caelestis
1070 358 1199 389 compos
1226 357 1315 388 esse3

200 402 236 432 ut
261 398 448 432 commissae
894 402 924 429 et
952 407 1066 430 censor
1091 398 1198 431 curiae

198 446 287 488 plebi
313 447 450 479 edocens
893 455 992 478 necne
1019 455 1177 486 supernae

198 496 302 535 legem
327 494 462 527 herilem
893 503 1034 526 summus

200 542 374 583 dispenset,
824 543 852 575 7.
893 543 1062 581 Loquetur
1087 542 1174 584 genti

127 591 161 624 4.
199 590 375 624 Scientiain
893 591 1067 629 peccatrici

199 637 359 678 divinam3
892 639 1007 670 summi
1033 638 1147 670 arbitri

127 688 160 720 5.
197 686 242 719 Et
268 687 350 719 lucri
820 688 852 720 8.
891 686 1072 728 Iudicium,

199 734 338 774 depositi
891 743 984 774 quem
1011 743 1147 773 oremus,
1175 738 1209 765 ut
1236 733 1322 774 pium

196 783 323 823 pondus
349 783 380 815 in
410 782 529 815 Christi
891 783 982 814 nobis
1011 784 1117 823 placet
1145 782 1325 820 Dominum,

199 830 331 863 foenore
359 831 481 871 duplici
892 831 996 862 solvat
1023 831 1076 871 qui
1104 835 1210 862 reatus

198 880 316 911 condat
341 879 484 917 horreis3
891 879 1058 910 criminum

579 930 607 957 et
635 934 699 956 una
725 933 831 956 seeum

578 982 677 1004 nexos
704 973 827 1012 piorum

579 1021 714 1060 collegio
739 1025 920 1052 sanctorum

579 1070 633 1101 det
658 1068 815 1101 scandere
841 1077 981 1108 regnum.

208 1143 330 1172 Collect.
352 1153 406 1171 ms.
421 1143 569 1172 Gallicum
582 1144 781 1176 (Floriacense
790 1145 813 1176 '?)
833 1152 908 1170 saec.
934 1143 975 1171 11.
1012 1143 1082 1171 eod.
1097 1145 1239 1171 Oxonien.
1255 1144 1338 1172 Bodl.
1353 1142 1398 1173 38.
1415 1160 1451 1165 —

127 1180 152 1215 l,
175 1180 193 1210 9
215 1183 399 1218 symphonia.
421 1196 453 1201 —-
479 1180 505 1208 2.
526 1180 544 1209 2
566 1183 611 1209 fac
632 1185 664 1208 tu
681 1182 746 1209 Dei.
770 1196 801 1199 —
826 1181 851 1213 7.
873 1180 891 1208 3
912 1182 1040 1209 arbitris.
1062 1196 1098 1200 —
1120 1181 1145 1214 8,
1167 1181 1185 1208 4
1206 1183 1303 1209 solvat
1316 1192 1398 1219 quos.
1413 1197 1451 1204 —-

124 1218 153 1254 8,
172 1219 189 1247 7
211 1229 314 1248 nexus.
335 1235 373 1238 —
393 1221 450 1248 Die
466 1221 651 1257 Tropierung
673 1221 759 1247 reimt
778 1220 842 1248 hier
863 1221 1021 1248 wiederum
1042 1222 1095 1248 mit
1116 1221 1166 1248 der
1182 1220 1377 1250 Schlusssilbe
1397 1222 1448 1250 des

123 1260 286 1295 tropierten
308 1258 498 1287 Textwortes.

470 1361 538 1393 495.
571 1362 608 1392 In
631 1363 828 1392 sanctornm
851 1360 1103 1393 Confessorum.

530 1433 561 1466 1.
601 1433 673 1473 Eia,
702 1433 840 1472 clangite

596 1481 659 1512 iam
687 1484 817 1512 tonante
843 1489 919 1511 voce

597 1528 724 1560 Christo
748 1528 932 1567 praeconia,

655 1576 808 1618 Alleluia,

120 1635 182 1667 2a.
216 1634 362 1666 Phalanx
389 1633 440 1665 eui
813 1633 878 1667 2b.
912 1634 1112 1667 modulando

215 1682 327 1715 aethre
353 1681 478 1714 caelica
911 1683 1031 1722 promit
1057 1684 1221 1725 carmina;

523 1746 556 1777 3.
596 1743 683 1776 Ane-
712 1745 807 1784 digne
834 1744 1052 1777 collaudemus

593 1792 818 1832 concrepando
843 1792 940 1826 -luia,

523 1857 555 1889 4.
596 1855 712 1887 Clarae
737 1854 850 1887 iubare
875 1855 976 1888 lucidi

591 1903 734 1935 iustitiae
760 1901 933 1935 laetamini

650 1951 686 1982 in
710 1951 875 1991 Domino,

116 2016 178 2049 5a.
213 2013 320 2046 Decus
346 2013 379 2045 in
405 2014 540 2054 perenni
565 2023 657 2054 quem
812 2015 873 2048 5b.
910 2015 1038 2056 Olympi
1064 2016 1118 2056 qui
1145 2017 1276 2050 cardine

214 2062 306 2094 decet
330 2061 424 2100 solio,
908 2064 1001 2096 nixus
1032 2073 1151 2104 supero

520 2127 578 2158 50.
605 2125 739 2158 Tuendo
766 2133 905 2158 cosmum
932 2130 1010 2158 nutu

602 2173 684 2214 regit
710 2173 827 2214 rapido

599 2222 636 2253 In
661 2230 762 2261 aev03

113 2281 145 2314 6.
183 2279 229 2312 Et
255 2277 411 2311 exsultate
435 2277 525 2320 iusti,
809 2280 840 2312 7.
879 2280 1049 2320 Astrigero

183 2327 333 2360 caelestis
359 2327 434 2367 quia
459 2326 581 2367 gloriae
879 2328 1010 2360 micanti
1035 2329 1098 2362 iam
1123 2330 1155 2362 in
1182 2330 1257 2373 alto,

183 2377 291 2409 aulam
317 2374 510 2417 splendidae
879 2385 941 2417 quo
965 2377 1161 2417 yloriamim'
1186 2379 1381 2424 plenissime,

183 2427 354 2466 captantes
379 2424 442 2456 iam
471 2424 504 2456 in
530 2422 651 2466 aethre,
879 2434 988 2457 omnes
1013 2427 1096 2459 recto
1123 2427 1234 2462 eorde.

167 2483 302 2512 Blurne,
324 2482 406 2513 'tropi
423 2481 586 2507 Grudualos.
618 2482 654 2505 11.
1234 2483 1267 2512 17
