1653 2689
758 106 988 142 -52-

601 198 651 230 83.
683 201 721 230 In
742 199 944 230 Inventione
964 206 993 230 s.
1016 198 1148 230 erucis.

389 269 421 303 1.
447 269 622 302 Ierusalem
646 270 726 301 solio
751 269 854 308 primo
880 270 1034 307 peccante
1058 267 1193 308 repulsi,

445 317 482 349 In
507 316 626 348 mundo
651 316 747 356 positi
773 320 805 346 et
828 323 920 346 sacro
945 314 1138 354 baptismate
1163 314 1222 346 loti

520 361 586 391 Nos
607 364 707 390 autem
725 359 854 396 ylorz'oeri
873 361 988 397 oportet

389 403 421 435 2.
448 404 486 435 In
511 403 608 442 ligno,
635 411 694 442 per
715 401 799 440 quod
826 401 910 432 vitae
934 402 1105 439 reparatur
1129 399 1231 441 origo,

520 448 553 475 in
574 455 660 475 cruce
680 445 808 474 Domini
830 445 927 473 nostri
946 443 1019 473 Iesu
1041 442 1165 478 Christi,

389 489 421 520 3.
449 488 544 522 Cuius
570 487 760 527 principium
787 494 846 517 nec
872 485 945 517 finis
971 485 1112 517 cernitur
1137 493 1285 525 unquam,

524 533 553 560 in
578 540 635 569 quo
657 534 699 560 est
723 531 820 565 salus,
842 530 903 559 vita
923 532 950 559 et
970 530 1149 559 resurreetio
1170 532 1285 562 nostra,

388 575 420 606 4.
449 574 615 610 Praesens,
642 572 850 611 praeteritum
878 571 980 603 cernit
1006 571 1190 611 pariterque
1216 569 1367 614 futurum,

515 626 571 653 per
589 626 672 652 quem
694 616 806 645 soli-nti
824 618 851 644 et
873 615 993 645 liberati
1016 624 1132 644 sumus.

290 687 376 722 Trop.
403 695 453 712 ms.
476 685 683 712 Glastoniense
702 684 726 716 (P
735 682 960 717 Cantuariense)
979 693 1054 712 saec.
1079 682 1123 711 ll.
1145 693 1189 711 ex.
1209 683 1249 717 (et
1271 681 1326 718 12.)
1366 683 1437 712 Cod.
1459 684 1538 711 Lon-

217 725 314 752 dinen.
335 724 428 759 Calig.
449 725 474 750 A
495 724 574 751 XIV.

594 807 643 837 84.
676 808 714 837 ln
735 807 936 838 Inventione
959 815 986 837 s.
1011 807 1141 838 crucis.

366 878 395 910 1.
422 877 516 909 Vitae
544 877 614 909 diro
640 877 837 917 triumphato
866 874 884 894 *
911 882 1013 909 morte
1039 878 1150 909 mundi
1173 876 1322 916 principe

498 921 565 950 Nos
585 921 717 959 qloriari
737 924 870 959 epm-teu

357 965 389 996 2.
417 962 520 995 Castis
547 972 622 1004 ergo
647 972 686 994 ac
712 963 836 995 devotis
863 960 882 980 *
910 963 1104 996 exsuitemus
1130 962 1290 995 mentibus

498 1008 530 1036 in
553 1017 638 1037 cruce
659 1007 789 1037 Domini
809 1009 908 1037 nostri
928 1007 999 1037 Iesu
1022 1008 1137 1038 Christi
1144 1018 1153 1043 ;

357 1051 388 1083 3.
417 1049 612 1081 coaeternus
639 1052 754 1081 cuncta
779 1050 877 1089 gessit
904 1046 923 1066 *
950 1054 1042 1089 pater
1068 1058 1138 1080 cum
1164 1047 1313 1089 ignifero,

498 1094 530 1121 in
554 1102 612 1130 quo
633 1097 676 1122 est
698 1093 793 1128 salus,
814 1094 874 1122 rita
896 1097 922 1122 et
944 1097 1123 1122 resurreetio
1144 1096 1258 1129 nostra,

359 1137 391 1168 4.
419 1135 508 1166 Binis
534 1135 566 1166 in
593 1144 654 1174 qua
681 1135 886 1166 circumdatis
915 1132 933 1151 *
960 1136 1051 1167 stolis
1078 1135 1167 1166 dabit
1192 1134 1346 1176 praemia,

494 1189 549 1216 per
571 1188 653 1216 quem
676 1179 786 1208 sali-uti
805 1182 829 1208 et
851 1179 971 1208 liberati
995 1188 1111 1209 sumus.

358 1225 389 1255 5.
417 1221 507 1252 Totis
534 1224 676 1252 sanctam
704 1230 787 1253 nunc.
812 1229 959 1252 vocemus
988 1217 1006 1237 *
1033 1221 1211 1252 trinitatem
1235 1219 1368 1253 fidibus:

498 1264 605 1294 Gloria
624 1267 712 1302 patri
733 1268 759 1293 et
781 1266 844 1302 filio
864 1269 890 1294 et
911 1266 1039 1302 spiritui
1059 1269 1166 1295 sancto
1186 1268 1237 1294 etc.

288 1335 375 1370 Trop.
397 1343 449 1360 ms.
471 1334 696 1367 Bononienseff)
718 1343 793 1361 saec.
817 1332 860 1361 11.
901 1334 971 1362 Cod.
992 1335 1115 1362 Roman.
1137 1334 1270 1369 Angelic.
1294 1332 1348 1361 123
1367 1334 1402 1366 (Β
1416 1334 1462 1361 ΙΙΙ
1479 1332 1533 1367 18).

212 1388 248 1391 -
272 1371 284 1398 l
309 1375 430 1399 mortem
453 1372 552 1399 mundi
579 1373 750 1408 principem.

600 1493 649 1524 85.
682 1495 718 1524 In
741 1494 941 1524 Inventione
965 1502 992 1524 s.
1016 1494 1147 1525 Crucis.

403 1560 470 1590 Nos
491 1564 589 1589 autem
611 1561 740 1597 {sloriari
761 1564 874 1598 oportet
896 1562 926 1589 in
949 1570 1035 1591 cruce
1056 1561 1108 1589 Di.
1130 1561 1170 1590 N.
1192 1561 1263 1590 Iesu
1286 1561 1408 1597 Christi,

288 1603 317 1636 1.
346 1602 492 1636 Pendens
519 1603 641 1634 hostem
668 1611 729 1642 qua
755 1603 926 1642 superbum
956 1600 974 1619 *
1001 1602 1157 1635 sauciavit
1180 1602 1347 1645 Dominus,

403 1648 435 1675 in
458 1654 516 1684 quo
539 1651 580 1676 est
603 1647 699 1681 salus,
723 1647 781 1675 rita

287 1690 318 1721 2.
347 1689 476 1729 Perpes,
504 1688 575 1728 iuge
601 1691 696 1728 atque
721 1689 844 1727 pellens
873 1684 891 1704 *
920 1689 1034 1720 densas
1060 1688 1167 1720 lumen
1193 1689 1343 1721 tenebras

402 1736 428 1761 et
448 1734 624 1762 resurreetio
645 1737 761 1767 nostra,
779 1742 834 1770 per
854 1742 936 1769 quem
960 1733 1070 1763 salvati
1090 1737 1115 1762 et
1135 1733 1255 1763 liberati
1276 1742 1390 1763 sumus.

288 1793 375 1827 Trop.
397 1801 449 1819 ms.
466 1794 693 1826 Bononiensem
707 1801 782 1820 saec.
800 1792 842 1820 11.
875 1793 944 1820 Cod.
960 1794 1084 1820 Roman.
1099 1793 1223 1830 Angelic
1245 1790 1300 1821 123
1312 1793 1348 1826 (Β
1362 1795 1408 1822 III
1427 1792 1479 1829 18).
1495 1808 1532 1814 —

213 1830 231 1858 2
254 1828 393 1867 „Perpes“
417 1832 456 1857 ist
477 1831 607 1858 offenbar
621 1831 753 1858 Attribut
773 1840 838 1858 zum
861 1831 1119 1867 vorhergehenden
1145 1830 1243 1865 Ἠνὶιε).α
1266 1832 1326 1860 und
1343 1833 1448 1868 „iuge“
1466 1843 1531 1862 zum

212 1870 366 1906 folgenden
391 1868 534 1902 „lumen“.

597 1953 646 1983 86.
678 1954 715 1983 Ιιι
738 1953 916 1984 Dominica
937 1954 1144 1985 Palmarum.

322 2026 352 2057 1.
380 2024 480 2056 Israel
506 2024 650 2064 egregius
677 2023 797 2063 psaltes
824 2024 991 2065 clarusque
1016 2025 1174 2064 propheta

378 2071 431 2103 Sic
456 2072 616 2111 quondam
641 2072 769 2104 Christo
797 2072 902 2104 David
929 2076 1116 2104 cantaverat
1141 2074 1245 2105 almo:

459 2115 599 2149 Domine,
622 2124 656 2144 m·
677 2116 762 2154 lonqe
782 2115 882 2152 facias
904 2117 1053 2146 auxilium
1073 2120 1158 2147 tuum
1181 2128 1199 2147 a
1221 2128 1274 2154 me,

320 2160 351 2192 2,
381 2157 443 2189 Sed
471 2157 607 2189 celerem
633 2158 710 2189 mihi
736 2157 847 2190 confer
871 2167 975 2199 opem,
1002 2168 1059 2191 rex
1083 2159 1194 2192 inclite
1222 2161 1321 2200 caeli3

459 2202 498 2231 ad
521 2202 725 2239 defensionem
745 2211 839 2232 meam
861 2204 972 2240 aspice,
994 2204 1086 2234 libera
1109 2215 1153 2235 me
1173 2204 1209 2235 de
1231 2215 1281 2236 ore
1296 2205 1401 2243 leonis,

319 2246 351 2278 3.
378 2244 437 2283 Qui
465 2244 553 2283 cupit
577 2245 733 2276 insontem
760 2253 867 2277 morsu
893 2245 1038 2277 lacerare
1064 2244 1177 2288 ferino,

461 2292 487 2318 et
508 2297 525 2317 α
549 2289 690 2319 cornibus
712 2290 907 2319 wzicornium
928 2291 1125 2321 humilitatem
1146 2300 1250 2322 meam.

287 2359 374 2395 Trop.
402 2368 453 2385 mS.
483 2357 733 2393 Moguntinum(?)
759 2359 829 2386 anni
857 2356 998 2386 955—62.
1040 2361 1110 2389 Cod.
1133 2362 1298 2391 Londinen.
1321 2363 1394 2391 Add.
1427 2361 1535 2394 19768.

209 2398 243 2425 A.
265 2412 303 2418 -—
324 2398 411 2434 Trop.
434 2406 486 2424 ms.
508 2396 680 2424 Prumiense
703 2404 779 2424 saec.
803 2395 875 2425 ¹0l11.
907 2398 977 2426 Cod.
999 2399 1125 2428 Parisin.
1147 2398 1232 2429 9448.
1252 2403 1287 2430 B.
1309 2418 1346 2422 —-
1366 2403 1457 2439 Trop.
1478 2411 1533 2432 ms.
