1653 2689
731 95 993 131 —387—

515 194 548 228 3.
573 192 656 230 Heu.

573 239 664 273 Nihil
688 240 776 272 valet
800 239 952 272 nobilitas

573 287 686 329 Neque
710 287 797 320 sedis
823 287 1013 329 sublimitas,

572 336 628 368 Nil
654 335 780 376 generis
805 337 960 376 potentia,

573 383 629 415 Nil
655 392 761 415 rerum
787 382 980 424 adfluentia3

573 431 651 463 Plus
677 441 758 471 pura
782 432 977 464 conscientia

573 479 670 512 Valet
695 480 804 511 mundi
831 480 978 514 scientia.

621 527 740 560 Sancte
764 530 793 559 et
816 527 1000 560 misericors
1024 525 1177 565 salvator,

622 584 759 607 amarae
783 574 882 607 morti
907 585 947 607 we
972 574 1085 607 tradas
1110 583 1180 606 nos.

277 677 415 706 cantion.
442 687 496 705 ms·
524 679 762 715 Engelbergense
790 680 860 706 anni
888 676 970 705 1312.
1012 678 1082 706 Cod.
1104 678 1319 713 Engelbergen.
1341 677 1405 706 314.
1428 679 1461 706 A.
1484 694 1520 698 —

199 717 288 753 Trop.
316 725 369 744 ms.
396 717 557 745 Diessense
585 726 661 745 saec.
692 716 734 744 14.
784 718 856 745 Clm.
884 717 1037 744 Monacen.
1066 715 1148 744 5539.
1178 718 1210 743 Β.
1239 730 1276 735 —
1304 719 1439 745 Cantion.
1468 728 1519 746 ms.

197 755 382 790 'regui-inum
409 763 486 783 saec.
519 755 563 784 15.
603 756 686 792 Cgm.
712 756 867 783 Monacen.
896 754 961 782 716.
988 756 1021 782 (J.
1042 769 1078 773 —
1103 754 1264 782 collectan.
1295 765 1348 783 ms.
1370 757 1520 784 Seitzeuse

200 801 275 820 saec.
300 791 343 820 15.
385 793 455 821 Cod.
477 795 601 822 Roman.
623 795 695 821 vitt.
717 795 822 821 Eman.
845 792 909 820 602.
930 793 1033 827 (Varia
1053 791 1089 826 4).
1111 794 1147 820 1).
1169 808 1205 812 —
1226 794 1308 820 Miss.
1331 803 1383 820 ms.
1406 795 1518 822 Viridis

199 831 302 859 Silvae
323 832 394 858 anni
418 830 500 860 1466.
541 833 611 859 Cod.
630 833 754 859 Paulau.
775 830 820 859 25.
843 829 868 859 2.
891 830 936 859 30.
956 831 1047 863 (Bias.
1070 831 1174 858 memb.
1195 831 1250 864 59).
1274 832 1308 859 E.
1332 846 1365 850 —
1387 832 1519 860 oration.

200 879 254 897 ms.
282 870 312 897 S.
341 870 422 897 Petri
444 871 680 906 salisburgensis
708 871 777 898 anni
802 869 875 898 1474
925 870 995 898 Cod.
1017 871 1126 897 Petrin.
1152 878 1169 896 a
1189 871 1234 898 111
1258 869 1301 897 10.
1322 870 1353 897 F.
1375 885 1412 889 —
1432 871 1519 898 Grad.

199 917 253 935 ms.
283 908 482 936 Altovadense
508 910 578 936 anui
603 907 684 936 1410.
729 909 797 937 Cod.
820 909 994 936 Altovaden.
1015 906 1060 935 42.
1082 908 1116 935 G.
1138 922 1175 927 —-
1196 909 1331 936 Cantion.
1360 918 1412 935 ms.
1435 910 1519 936 Vige-

199 947 345 983 gradense
365 955 442 973 saec.
466 946 509 974 15.
530 956 576 975 ex.
610 947 681 976 cod.
698 947 892 981 Viffiegraden.
905 948 930 973 V
945 948 985 974 Ge
1006 957 1032 980 η.
1048 946 1087 973 Η,
1102 962 1138 966 --
1153 946 1288 973 Cantiou.
1307 955 1360 973 ωε.
1375 948 1521 982 Pragense

201 993 278 1012 saec.
309 983 381 1012 ¹5l1a.
422 985 493 1013 cod.
521 986 645 1021 Pragen.
674 986 715 1012 VI
744 986 766 1012 C
786 983 831 1012 20.
854 985 874 1011 1.
900 1000 933 1003 —
956 984 1088 1011 Oration.
1118 993 1170 1012 ms.
1191 984 1416 1012 Neerlaudicum
1444 994 1522 1012 saec.

204 1021 248 1050 15.
289 1023 361 1050 Cod.
382 1023 587 1052 Vindobonen.
608 1023 947 1055 (Fideikommiss-Bibl.)
967 1021 1050 1050 7970.
1072 1022 1108 1048 K.

279 1059 309 1094 1,
337 1060 357 1089 4
383 1062 442 1095 Qui
469 1063 564 1090 vitare
590 1063 622 1089 B.
646 1076 678 1081 -—
703 1061 732 1093 1,
760 1061 777 1087 6
798 1062 872 1088 Nam
906 1061 1001 1088 aufert
1021 1065 1048 1088 te
1070 1060 1142 1088 fehlt
1160 1061 1205 1094 H3
1235 1060 1291 1087 Sed
1313 1062 1408 1087 aufert
1427 1061 1464 1088 D.
1485 1076 1522 1080 —

203 1098 228 1131 1,
251 1098 267 1126 7
288 1100 405 1127 viveres
427 1101 463 1126 D.
484 1114 522 1119 —
543 1102 599 1127 Str.
621 1098 639 1127 2
659 1099 732 1127 fehlt
753 1100 788 1127 D.
811 1115 848 1119 —
872 1097 898 1131 2,
919 1098 937 1126 3
959 1097 1079 1126 Vermes
1100 1099 1221 1126 frement
1242 1099 1277 1125 E.
1298 1113 1336 1117 -—
1357 1098 1383 1131 2,
1404 1098 1422 1126 4
1442 1099 1520 1126 Dum

199 1138 285 1165 audis
315 1138 401 1170 CHI,
429 1138 539 1165 audent
559 1138 600 1171 E,
627 1138 707 1165 videt
728 1138 760 1164 A.
782 1152 818 1156 —
840 1137 874 1168 2,
901 1137 918 1164 5
939 1137 1074 1164 Mortalis
1103 1145 1181 1163 esses
1204 1136 1264 1167 HI,
1292 1140 1369 1164 esset.
1390 1138 1430 1171 A·,
1458 1146 1521 1165 esse

203 1177 332 1203 vicinam
353 1178 400 1210 (st.
422 1178 546 1210 utinam)
566 1177 601 1203 K.
624 1191 658 1195 -
681 1175 707 1208 2,
736 1176 753 1204 6
774 1176 850 1203 Dum
872 1175 935 1202 dire
960 1177 1061 1202 mortis
1082 1175 1198 1210 gladius
1220 1175 1261 1206 K;
1287 1175 1397 1203 Christi
1420 1177 1521 1202 mortis

204 1214 288 1246 CHI,
320 1214 430 1242 Christi
459 1215 543 1242 fortis
574 1216 604 1241 B.
627 1229 663 1233 —
685 1214 716 1246 2,
749 1212 765 1241 7
787 1216 860 1241 assit
888 1215 1000 1249 gratius
1020 1214 1066 1246 (st.
1087 1214 1165 1240 absit
1184 1214 1316 1248 gravius)
1338 1214 1422 1246 CHI,
1450 1215 1523 1240 assit

205 1253 303 1288 gratia
324 1254 367 1285 K,
394 1256 423 1280 et
443 1261 502 1280 non
523 1254 599 1280 alius
621 1253 657 1280 A.
680 1267 714 1272 —
737 1252 764 1283 3,
792 1250 810 1279 3
832 1252 938 1288 Nilque
960 1252 1037 1278 sedis
1059 1253 1208 1279 subtilitas
1229 1254 1262 1279 A.
1285 1266 1320 1270 -—-
1341 1250 1368 1281 3.
1398 1251 1414 1278 7
1436 1252 1524 1279 Valet

202 1299 290 1326 quam
312 1291 414 1318 mundi
436 1291 466 1319 C.
488 1306 526 1310 —
546 1292 602 1319 Str.
625 1291 642 1318 2
666 1291 724 1318 und
745 1291 763 1317 :3
784 1291 952 1326 umgestellt
973 1291 1033 1317 ΒΚ.
1056 1305 1093 1308 —
1113 1293 1171 1318 Str.
1192 1288 1209 1317 3
1231 1291 1324 1317 lautet
1344 1291 1375 1316 iu
1396 1291 1438 1318 D:

609 1376 692 1404 Nihil
714 1375 832 1411 prodest
853 1375 993 1402 nobilitas

609 1416 670 1442 Nec
692 1414 812 1441 honoris
835 1413 1017 1448 sublimims3

611 1453 731 1480 Nullum
753 1452 851 1479 salvat
871 1451 1030 1479 crudelitas

610 1492 671 1518 Nec
693 1491 854 1518 saecularis
880 1490 1018 1526 dignitas,

610 1529 668 1557 Sed
688 1532 803 1556 tantum
823 1531 903 1556 vitae
924 1529 1047 1564 puritas,

609 1568 725 1595 Placita
747 1569 809 1595 Deo
835 1568 952 1594 caritas.

610 1606 689 1633 Hinc
710 1605 870 1640 suffragare
892 1605 1014 1641 angelis,

360 1656 376 1672 ι
611 1645 732 1672 Cunctis
758 1646 867 1671 sanctIS
889 1644 1085 1679 archangeli&

611 1683 721 1711 Christi
742 1685 829 1710 matri
852 1691 921 1719 prae
943 1683 1088 1714 omnibus,

609 1722 651 1750 Ut
671 1722 763 1749 simus
783 1723 815 1748 in
835 1721 1022 1748 caelestibus.

206 1811 232 1838 E
261 1810 341 1839 ffihrt
366 1811 422 1838 den
448 1811 563 1844 Tropus
590 1816 636 1834 am
658 1807 776 1835 schluss
802 1809 833 1835 in
860 1807 1011 1843 folgender
1032 1808 1132 1835 Weise
1156 1807 1255 1834 weiter
1276 1806 1335 1833 und
1357 1806 1452 1832 mac-ht
1473 1805 1524 1832 ihn

201 1859 238 1877 zu
264 1850 345 1878 einer
366 1850 421 1876 Art
441 1849 556 1883 Tropus
577 1847 650 1874 iiber
670 1846 723 1873 das
747 1847 907 1882 ‚‚Libera‘·:

241 1937 299 1971 Qui
322 1935 503 1965 ambulabat.
527 1935 611 1965 iacet,
934 1934 1039 1960 Nonne
1060 1933 1117 1958 ista
1138 1935 1183 1959 est
1202 1931 1314 1962 domus,
1335 1939 1421 1966 quam

240 1976 297 2010 Qui
320 1975 508 2012 loquebatur,
530 1976 615 2003 tacet,
934 1971 1096 1998 invisibilis
1119 1970 1301 1997 inhabitator
1323 1970 1467 1996 ornabat?

241 2015 343 2042 Clausi
365 2014 444 2041 oculi
464 2013 565 2040 lumen
586 2020 645 2038 uon
666 2012 797 2046 capiunt,
933 2011 1076 2041 Recessit,

241 2055 304 2081 Nec
324 2061 410 2080 aures
432 2051 494 2079 ulla
515 2058 586 2077 voce
608 2053 770 2085 patescunt,
971 2050 1021 2083 qui
1046 2057 1104 2075 nou
1125 2047 1288 2078 videbatur,

239 2092 347 2120 Omnia
368 2091 564 2119 membrorum
591 2088 688 2115 officia
933 2087 1094 2117 Romamn,

529 2128 756 2163 conquiescunt:
971 2126 1049 2161 quod
1070 2134 1134 2151 cum
1153 2124 1254 2150 dolore.
1277 2123 1471 2158 premebatur.

240 2171 308 2197 Non
330 2172 375 2196 est
394 2176 514 2204 gressus
535 2167 571 2193 ad
593 2165 812 2198 ambulandum,
934 2165 994 2191 Ista
1017 2167 1060 2190 est
1081 2172 1170 2189 causa
1192 2163 1332 2194 iustitiae,

240 2209 304 2236 Nee
323 2210 421 2235 tactus
444 2207 480 2234 ad
501 2205 690 2241 operandum.
933 2204 1024 2230 Cuius
1046 2202 1211 2229 maestitiae

242 2247 303 2274 Nec
327 2255 430 2274 sensus
452 2245 489 2272 ad
510 2243 739 2280 percipiendum.
934 2242 978 2268 Tu
1001 2242 1042 2267 sis
1064 2240 1237 2273 consolatio,
1261 2239 1387 2266 Christe.

607 2328 718 2356 Sancte
738 2330 763 2355 er
785 2325 957 2355 misericors
979 2326 1125 2358 salrator,

606 2374 729 2395 amccrae
751 2365 839 2394 morti
859 2373 895 2393 ne
915 2363 1021 2393 tradas
1044 2372 1099 2392 nos

609 2405 641 2433 in
663 2403 710 2433 die
731 2404 787 2433 illa
809 2403 971 2433 trenwmln.
