1653 2689
756 153 799 158 -
849 131 920 168 246
943 114 951 126 ²
970 111 1129 183 ‘---·f'-,.;.⁴
1163 167 1172 183 Α,

652 265 722 297 478.
753 265 793 295 In
814 265 926 296 saneti
946 264 1113 297 Andreae.

714 356 744 389 1.
784 355 909 388 Dilexit

778 403 950 436 dilectione
975 403 1051 436 fidei

778 451 949 484 Andream

779 499 956 539 agonistam

777 547 926 578 misertus
951 547 1039 579 illius

777 591 987 640 [Dominus]

227 664 286 695 2a.
323 662 367 694 In
392 663 490 694 odore
514 665 657 702 accepto,
917 661 980 694 2b.
1017 660 1161 693 Sociatus
1188 667 1236 694 est
1262 671 1318 693 suo

323 711 427 750 gratia
453 709 608 741 collocato
1013 707 1107 740 fratri
1133 710 1281 749 glorioso,

322 759 353 789 in
378 765 499 789 summo
526 757 676 796 paradiso
1013 757 1229 796 apostolorum
1255 757 1371 798 primo,

227 827 246 858 3
259 834 288 858 a.
324 824 483 865 Sanguine
510 833 644 863 namque
671 823 802 863 proprio
915 823 978 858 3b.
1014 823 1101 856 Fuso
1123 824 1156 855 in
1183 825 1287 856 crucis
1313 827 1458 864 tropaeo.

463 892 495 923 4.
535 890 620 922 Diva
644 890 746 930 gratia
773 890 957 922 muneribus
985 890 1085 922 sacris
1111 899 1150 922 ex
1177 891 1298 923 divitiis

535 942 630 977 atque
657 947 676 970 a
701 938 829 978 populis

535 986 720 1018 muneribus
746 985 850 1024 dignis

535 1034 708 1066 honoratus
734 1033 828 1064 nimis

534 1081 566 1112 in
592 1082 658 1113 alta
684 1080 764 1113 caeli
791 1081 910 1123 sidera,
938 1091 997 1122 pro
1023 1080 1145 1112 retibus
1170 1087 1284 1122 sponte
1312 1081 1454 1113 dimissis

535 1129 751 1168 principatum
778 1130 896 1160 meruit
921 1129 1011 1169 regni
1037 1129 1184 1160 caelestis

583 1176 776 1209 suavitati&

306 1271 394 1304 Trop.
427 1278 478 1297 mS.
506 1270 713 1297 Novaliciense
741 1278 816 1296 saec.
847 1268 890 1296 11.
934 1269 1003 1297 cod.
1031 1267 1175 1297 Oxonien.
1198 1271 1298 1297 Douce
1327 1267 1393 1297 222.
1414 1285 1453 1288 —
1475 1269 1505 1303 l,
1535 1269 1550 1298 1

232 1308 428 1336 dilectionem.
459 1323 497 1326 —
525 1307 554 1340 1,
586 1307 604 1335 2
631 1310 775 1344 agonista.
806 1322 843 1325 —
870 1308 905 1334 In
934 1306 977 1335 2a
1006 1307 1072 1334 sind
1102 1313 1220 1342 accepto
1247 1307 1307 1335 und
1336 1308 1480 1335 collocato
1507 1309 1552 1336 als

231 1347 382 1373 Attribute
404 1356 439 1373 zu
460 1347 543 1372 fratri
563 1346 633 1375 (Str.
654 1346 707 1378 2b,
729 1343 757 1379 2)
777 1346 973 1373 aufzufassen.
994 1360 1032 1364 —
1052 1344 1103 1377 2b,
1126 1344 1140 1372 1
1163 1350 1208 1373 est
1228 1345 1314 1380 fehlt;
1337 1346 1420 1373 fratri
1435 1355 1497 1374 suo.
1514 1361 1553 1365 —

232 1382 293 1414 3b,
320 1384 333 1411 1
355 1384 475 1411 Initiale
497 1385 520 1410 F
540 1384 620 1411 fehlt.
642 1399 678 1403 —
699 1383 734 1415 4,
758 1383 770 1410 l
792 1384 856 1410 Tua
876 1385 981 1420 gratia.
1002 1398 1040 1401 --
1061 1382 1094 1415 4,
1116 1382 1134 1410 2
1153 1385 1270 1419 populis
1291 1387 1389 1419 atque.
1409 1399 1448 1402 —
1467 1385 1552 1412 Nach

233 1424 291 1450 Str.
320 1422 333 1448 1
364 1423 443 1449 steht
465 1422 510 1448 fiir
537 1422 593 1449 den
620 1420 646 1448 2.
667 1422 745 1449 Chor
773 1421 823 1448 der
843 1422 920 1449 Text
943 1421 1073 1457 „Dilexit
1092 1422 1237 1449 Andr-eam
1257 1420 1438 1456 Dominus“3
1466 1423 1553 1451 beide

234 1461 329 1488 Chare
356 1462 459 1496 singen
486 1461 664 1495 gemeinsarn
695 1461 753 1494 „In
781 1460 848 1486 odo
869 1458 942 1494 —“;
967 1459 1043 1487 nach
1065 1459 1121 1487 Str.
1147 1459 1206 1494 2b,
1235 1458 1278 1488 3³
1299 1461 1358 1487 und
1378 1459 1422 1488 3b
1443 1461 1483 1488 ist
1504 1463 1553 1489 ein

235 1498 315 1525 reich
337 1501 512 1526 neumiertes
529 1504 548 1526 0
569 1497 650 1530 (odo
661 1497 743 1530 rem)
762 1498 960 1532 verzeichnet;
981 1498 1032 1525 der
1046 1497 1163 1525 Schluss
1177 1508 1235 1526 von
1250 1499 1307 1527 Str.
1322 1498 1341 1525 4
1357 1497 1551 1533 „suavitatis“

236 1538 275 1563 ist
297 1539 484 1572 gemeinsam.
505 1551 542 1554 —-
563 1536 620 1563 Str.
635 1535 653 1563 4
674 1537 714 1563 ist
727 1536 908 1571 Reimprosa,
930 1538 984 1564 mit
997 1536 1119 1563 Reimea
1140 1538 1192 1564 auf
1202 1536 1231 1566 is
1251 1535 1494 1571 ‹suavitatis).
1514 1552 1553 1557 —

649 1667 718 1699 479.
750 1667 788 1696 In
810 1667 920 1697 sancti
940 1667 1130 1698 Benedicti.

661 1756 691 1789 1.
732 1755 840 1787 Sancti
865 1756 998 1795 spiritus
1023 1756 1126 1795 gratia

726 1803 921 1843 plenissime,

729 1850 876 1882 conferre
903 1851 1035 1890 dignare

728 1899 889 1940 caelestia,
915 1898 1072 1931 Alleluia.

240 1949 268 1980 2.
308 1946 432 1978 Doctor
459 1945 590 1984 Christi,
990 1955 1053 1986 pro
1078 1956 1170 1987 yreye

309 1995 421 2026 Bene
446 1994 572 2025 nomine
998 1998 1084 2024 certe
1109 1997 1176 2035 tuo,

311 2047 342 2074 et
367 2043 432 2073 vita
459 2040 580 2081 dicte,
997 2042 1050 2081 qui
1076 2042 1206 2074 laetaris
1233 2052 1303 2075 cum
1329 2043 1469 2086 Christo,

309 2089 543 2122 monachorum
562 2092 659 2129 pater
998 2093 1030 2120 et
1054 2099 1112 2129 pro
1138 2091 1254 2123 misera

312 2142 343 2169 et
369 2141 477 2169 noster
504 2141 534 2168 et
561 2137 673 2177 electe,
997 2141 1106 2169 nostra
1132 2139 1209 2170 satis
1236 2140 1301 2171 vita

309 2186 362 2226 pie
389 2186 462 2224 dux,
673 2214 676 2221 ,
997 2185 1198 2226 omniumque
1223 2188 1338 2222 salute.

315 2233 413 2271 salus,
440 2232 548 2274 decus,
575 2232 686 2271 virtus,
927 2235 959 2266 4.
998 2231 1095 2264 Sacra
1121 2234 1242 2267 chorda

313 2281 366 2321 qui
392 2290 426 2312 es
450 2280 513 2322 lex,
540 2289 597 2311 rex
623 2284 654 2310 et
676 2280 741 2319 lux,
997 2279 1134 2313 Domino

242 2331 273 2364 3.
310 2327 476 2362 Interoede
996 2337 1080 2360 nunc
1106 2329 1233 2363 Christo

312 2377 378 2410 fida
400 2384 507 2418 prece,
997 2376 1108 2417 iubila,

313 2434 436 2467 magne,
461 2424 640 2466 metuende,
997 2423 1141 2465 Florida,
