<?xml version="1.0" encoding="UTF-8"?>
<!DOCTYPE html PUBLIC "-//W3C//DTD XHTML 1.0 Transitional//EN"
    "http://www.w3.org/TR/xhtml1/DTD/xhtml1-transitional.dtd">
<html xmlns="http://www.w3.org/1999/xhtml" xml:lang="en" lang="en">
 <head>
  <title>
</title>
<meta http-equiv="Content-Type" content="text/html;charset=utf-8" />
  <meta name='ocr-system' content='tesseract 3.04.00' />
  <meta name='ocr-capabilities' content='ocr_page ocr_carea ocr_par ocr_line ocrx_word'/>
</head>
<body>
  <div class='ocr_page' id='page_1' title='image "./analectahymnica49drevuoft_0188.png"; bbox 0 0 1653 2689; ppageno 0'>
   <div class='ocr_carea' id='block_1_1' title="bbox 0 62 514 290">
    <p class='ocr_par' dir='ltr' id='par_1_1' title="bbox 0 62 514 290">
     <span class='ocr_line' id='line_1_1' title="bbox 0 62 514 290; baseline 0 -144"><span class='ocrx_word' id='word_1_1' title='bbox 0 62 514 290; x_wconf 95' lang='lat' dir='ltr'><strong>   </strong></span> 
     </span>
    </p>
   </div>
   <div class='ocr_carea' id='block_1_2' title="bbox 635 68 899 105">
    <p class='ocr_par' dir='ltr' id='par_1_2' title="bbox 635 68 899 105">
     <span class='ocr_line' id='line_1_2' title="bbox 635 68 899 105; baseline 0.004 -1"><span class='ocrx_word' id='word_1_2' title='bbox 635 68 899 105; x_wconf 87' lang='lat'>—185-—</span> 
     </span>
    </p>
   </div>
   <div class='ocr_carea' id='block_1_3' title="bbox 450 166 945 348">
    <p class='ocr_par' dir='ltr' id='par_1_3' title="bbox 391 166 945 348">
     <span class='ocr_line' id='line_1_3' title="bbox 450 166 927 207; baseline 0 -6"><span class='ocrx_word' id='word_1_3' title='bbox 450 167 483 202; x_wconf 83' lang='lat'><strong>5.</strong></span> <span class='ocrx_word' id='word_1_4' title='bbox 509 166 570 207; x_wconf 83' lang='lat' dir='ltr'><strong>Qui</strong></span> <span class='ocrx_word' id='word_1_5' title='bbox 594 166 682 200; x_wconf 83' lang='lat' dir='ltr'><strong>solus</strong></span> <span class='ocrx_word' id='word_1_6' title='bbox 707 167 776 200; x_wconf 83' lang='lat' dir='ltr'><em>sine</em></span> <span class='ocrx_word' id='word_1_7' title='bbox 801 169 927 202; x_wconf 85' lang='lat' dir='ltr'><strong>macula</strong></span> 
     </span>
     <span class='ocr_line' id='line_1_4' title="bbox 506 215 893 257; baseline 0 -8"><span class='ocrx_word' id='word_1_8' title='bbox 506 215 624 249; x_wconf 85' lang='lat' dir='ltr'><strong>Mundi</strong></span> <span class='ocrx_word' id='word_1_9' title='bbox 648 215 730 249; x_wconf 82' lang='lat' dir='ltr'><em>lavit</em></span> <span class='ocrx_word' id='word_1_10' title='bbox 754 216 893 257; x_wconf 81' lang='lat' dir='ltr'><strong>piacula,</strong></span> 
     </span>
     <span class='ocr_line' id='line_1_5' title="bbox 506 263 945 306; baseline 0.002 -9"><span class='ocrx_word' id='word_1_11' title='bbox 506 263 619 304; x_wconf 79' lang='lat' dir='ltr'>Agnus</span> <span class='ocrx_word' id='word_1_12' title='bbox 643 264 786 297; x_wconf 76' lang='lat' dir='ltr'><strong>intactae</strong></span> <span class='ocrx_word' id='word_1_13' title='bbox 811 265 945 306; x_wconf 81' lang='lat' dir='ltr'><em>virginis</em></span> 
     </span>
     <span class='ocr_line' id='line_1_6' title="bbox 507 311 876 348; baseline -0.003 -3"><span class='ocrx_word' id='word_1_14' title='bbox 507 311 552 345; x_wconf 91' lang='lat' dir='ltr'><strong>Et</strong></span> <span class='ocrx_word' id='word_1_15' title='bbox 578 311 683 344; x_wconf 84' lang='lat' dir='ltr'><em>hostia</em></span> <span class='ocrx_word' id='word_1_16' title='bbox 709 313 876 348; x_wconf 77' lang='lat' dir='ltr'><em>mirabilis,</em></span> 
     </span>
    </p>
   </div>
   <div class='ocr_carea' id='block_1_4' title="bbox 450 399 1005 528">
    <p class='ocr_par' dir='ltr' id='par_1_4' title="bbox 450 399 1005 528">
     <span class='ocr_line' id='line_1_7' title="bbox 450 399 1005 440; baseline 0.002 -8"><span class='ocrx_word' id='word_1_17' title='bbox 450 399 482 432; x_wconf 82' lang='lat'><strong>6.</strong></span> <span class='ocrx_word' id='word_1_18' title='bbox 510 399 562 432; x_wconf 87' lang='lat' dir='ltr'><strong>Ad</strong></span> <span class='ocrx_word' id='word_1_19' title='bbox 588 408 730 431; x_wconf 87' lang='lat' dir='ltr'><strong>mensam</strong></span> <span class='ocrx_word' id='word_1_20' title='bbox 756 409 857 432; x_wconf 86' lang='lat' dir='ltr'><strong>novae</strong></span> <span class='ocrx_word' id='word_1_21' title='bbox 883 401 1005 440; x_wconf 80' lang='lat' dir='ltr'><strong>gratiae</strong></span> 
     </span>
     <span class='ocr_line' id='line_1_8' title="bbox 506 446 957 481; baseline 0.002 -2"><span class='ocrx_word' id='word_1_22' title='bbox 506 446 756 480; x_wconf 81' lang='lat' dir='ltr'><strong>Discumbentes</strong></span> <span class='ocrx_word' id='word_1_23' title='bbox 785 448 818 480; x_wconf 87' lang='lat' dir='ltr'><em>in</em></span> <span class='ocrx_word' id='word_1_24' title='bbox 844 448 957 481; x_wconf 84' lang='lat' dir='ltr'>ordine</span> 
     </span>
     <span class='ocr_line' id='line_1_9' title="bbox 506 495 927 528; baseline 0 0"><span class='ocrx_word' id='word_1_25' title='bbox 506 495 551 528; x_wconf 89' lang='lat' dir='ltr'><strong>Et</strong></span> <span class='ocrx_word' id='word_1_26' title='bbox 576 495 759 528; x_wconf 80' lang='lat' dir='ltr'><em>candidatis</em></span> <span class='ocrx_word' id='word_1_27' title='bbox 785 497 927 528; x_wconf 87' lang='lat' dir='ltr'><strong>vestibus</strong></span> 
     </span>
    </p>
   </div>
   <div class='ocr_carea' id='block_1_5' title="bbox 506 544 947 586">
    <p class='ocr_par' dir='ltr' id='par_1_5' title="bbox 506 544 947 586">
     <span class='ocr_line' id='line_1_10' title="bbox 506 544 947 586; baseline -0.002 -9"><span class='ocrx_word' id='word_1_28' title='bbox 506 545 685 577; x_wconf 83' lang='lat' dir='ltr'><strong>Vescamur</strong></span> <span class='ocrx_word' id='word_1_29' title='bbox 710 544 784 584; x_wconf 85' lang='lat' dir='ltr'><em>agni</em></span> <span class='ocrx_word' id='word_1_30' title='bbox 811 546 838 576; x_wconf 91' lang='lat' dir='ltr'>d</span> <span class='ocrx_word' id='word_1_31' title='bbox 833 544 947 586; x_wconf 79' lang='lat' dir='ltr'><em>ipibus</em></span> 
     </span>
    </p>
   </div>
   <div class='ocr_carea' id='block_1_6' title="bbox 102 588 1426 658">
    <p class='ocr_par' dir='ltr' id='par_1_6' title="bbox 102 588 1426 658">
     <span class='ocr_line' id='line_1_11' title="bbox 102 588 1426 629; baseline 0.001 -11"><span class='ocrx_word' id='word_1_32' title='bbox 102 595 167 618; x_wconf 75' lang='lat' dir='ltr'><strong>non</strong></span> <span class='ocrx_word' id='word_1_33' title='bbox 186 588 222 618; x_wconf 77' lang='lat' dir='ltr'><em>in</em></span> <span class='ocrx_word' id='word_1_34' title='bbox 241 588 386 626; x_wconf 73' lang='lat' dir='ltr'><strong>fermento</strong></span> <span class='ocrx_word' id='word_1_35' title='bbox 407 589 495 618; x_wconf 81' lang='lat' dir='ltr'><strong>veteri</strong></span> <span class='ocrx_word' id='word_1_36' title='bbox 509 597 604 626; x_wconf 73' lang='lat' dir='ltr'><strong>neque</strong></span> <span class='ocrx_word' id='word_1_37' title='bbox 621 589 653 617; x_wconf 71' lang='lat' dir='ltr'><strong>ln</strong></span> <span class='ocrx_word' id='word_1_38' title='bbox 667 590 810 626; x_wconf 70' lang='lat' dir='ltr'><strong>fermento</strong></span> <span class='ocrx_word' id='word_1_39' title='bbox 824 589 958 620; x_wconf 77' lang='lat' dir='ltr'><em>malitiae</em></span> <span class='ocrx_word' id='word_1_40' title='bbox 973 594 998 619; x_wconf 78' lang='lat' dir='ltr'><strong>ci</strong></span> <span class='ocrx_word' id='word_1_41' title='bbox 1014 593 1174 628; x_wconf 32' lang='lat' dir='ltr'><strong>nemetme</strong></span> <span class='ocrx_word' id='word_1_42' title='bbox 1198 591 1249 620; x_wconf 79' lang='lat' dir='ltr'><strong>sed</strong></span> <span class='ocrx_word' id='word_1_43' title='bbox 1264 602 1295 620; x_wconf 80' lang='grc' dir='ltr'><strong>ιη</strong></span> <span class='ocrx_word' id='word_1_44' title='bbox 1313 601 1348 623; x_wconf 62' lang='lat' dir='ltr'><strong>ae</strong></span> <span class='ocrx_word' id='word_1_45' title='bbox 1331 603 1426 629; x_wconf 67' lang='lat' dir='ltr'><strong>ymzs</strong></span> 
     </span>
     <span class='ocr_line' id='line_1_12' title="bbox 141 626 536 658; baseline 0.003 -2"><span class='ocrx_word' id='word_1_46' title='bbox 141 626 325 658; x_wconf 75' lang='lat' dir='ltr'><em>sinceritatis</em></span> <span class='ocrx_word' id='word_1_47' title='bbox 347 629 374 655; x_wconf 85' lang='lat' dir='ltr'><strong>et</strong></span> <span class='ocrx_word' id='word_1_48' title='bbox 393 627 536 657; x_wconf 78' lang='lat' dir='ltr'><strong>veritatzs.</strong></span> 
     </span>
    </p>
   </div>
   <div class='ocr_carea' id='block_1_7' title="bbox 450 668 967 949">
    <p class='ocr_par' dir='ltr' id='par_1_7' title="bbox 450 668 961 949">
     <span class='ocr_line' id='line_1_13' title="bbox 450 668 942 709; baseline -0.004 -7"><span class='ocrx_word' id='word_1_49' title='bbox 450 669 481 702; x_wconf 88' lang='lat'><strong>7.</strong></span> <span class='ocrx_word' id='word_1_50' title='bbox 510 670 594 701; x_wconf 82' lang='lat' dir='ltr'><strong>Laus</strong></span> <span class='ocrx_word' id='word_1_51' title='bbox 621 668 678 700; x_wconf 87' lang='lat' dir='ltr'><em>tibi</em></span> <span class='ocrx_word' id='word_1_52' title='bbox 705 669 747 700; x_wconf 88' lang='lat' dir='ltr'><em>sit</em></span> <span class='ocrx_word' id='word_1_53' title='bbox 773 672 804 700; x_wconf 88' lang='lat' dir='ltr'><strong>et</strong></span> <span class='ocrx_word' id='word_1_54' title='bbox 829 668 942 709; x_wconf 84' lang='lat' dir='ltr'><strong>gloria,</strong></span> 
     </span>
     <span class='ocr_line' id='line_1_14' title="bbox 506 717 960 758; baseline -0.004 -8"><span class='ocrx_word' id='word_1_55' title='bbox 506 719 585 758; x_wconf 81' lang='lat' dir='ltr'>Pax,</span> <span class='ocrx_word' id='word_1_56' title='bbox 613 717 699 749; x_wconf 86' lang='lat' dir='ltr'><strong>salus</strong></span> <span class='ocrx_word' id='word_1_57' title='bbox 726 720 757 748; x_wconf 83' lang='lat' dir='ltr'><strong>et</strong></span> <span class='ocrx_word' id='word_1_58' title='bbox 783 717 930 755; x_wconf 85' lang='lat' dir='ltr'><em>victoria,</em></span> <span class='ocrx_word' id='word_1_59' title='bbox 954 751 960 758; x_wconf 81' lang='lat'>,</span> 
     </span>
     <span class='ocr_line' id='line_1_15' title="bbox 506 764 876 805; baseline 0 -9"><span class='ocrx_word' id='word_1_60' title='bbox 506 765 565 805; x_wconf 85' lang='lat' dir='ltr'><strong>Qui</strong></span> <span class='ocrx_word' id='word_1_61' title='bbox 591 764 738 805; x_wconf 80' lang='lat' dir='ltr'><em>spoliatis</em></span> <span class='ocrx_word' id='word_1_62' title='bbox 763 764 876 796; x_wconf 88' lang='lat' dir='ltr'><em>inferis</em></span> 
     </span>
     <span class='ocr_line' id='line_1_16' title="bbox 506 813 961 853; baseline 0.002 -8"><span class='ocrx_word' id='word_1_63' title='bbox 506 813 592 845; x_wconf 85' lang='lat' dir='ltr'><strong>Tuos</strong></span> <span class='ocrx_word' id='word_1_64' title='bbox 617 813 660 845; x_wconf 84' lang='lat' dir='ltr'><strong>ad</strong></span> <span class='ocrx_word' id='word_1_65' title='bbox 685 816 774 844; x_wconf 79' lang='lat' dir='ltr'><strong>astra</strong></span> <span class='ocrx_word' id='word_1_66' title='bbox 798 813 961 853; x_wconf 78' lang='lat' dir='ltr'>provehis.</span> 
     </span>
     <span class='ocr_line' id='line_1_17' title="bbox 506 860 855 901; baseline -0.006 -7"><span class='ocrx_word' id='word_1_67' title='bbox 506 860 570 894; x_wconf 92' lang='lat' dir='ltr'><strong>Ubi</strong></span> <span class='ocrx_word' id='word_1_68' title='bbox 595 869 674 900; x_wconf 86' lang='lat' dir='ltr'><strong>pace</strong></span> <span class='ocrx_word' id='word_1_69' title='bbox 701 862 855 901; x_wconf 84' lang='lat' dir='ltr'><strong>perennia</strong></span> 
     </span>
     <span class='ocr_line' id='line_1_18' title="bbox 507 909 967 949; baseline -0.002 -8"><span class='ocrx_word' id='word_1_70' title='bbox 507 909 768 949; x_wconf 78' lang='lat' dir='ltr'>Contemplemur</span> <span class='ocrx_word' id='word_1_71' title='bbox 791 909 967 940; x_wconf 84' lang='lat' dir='ltr'>sollemnia.</span> 
     </span>
    </p>
   </div>
   <div class='ocr_carea' id='block_1_8' title="bbox 100 992 1422 1069">
    <p class='ocr_par' dir='ltr' id='par_1_8' title="bbox 100 992 1422 1068">
     <span class='ocr_line' id='line_1_19' title="bbox 180 992 1422 1032; baseline 0.001 -11"><span class='ocrx_word' id='word_1_72' title='bbox 180 993 301 1022; x_wconf 77' lang='lat' dir='ltr'><strong>Colleet.</strong></span> <span class='ocrx_word' id='word_1_73' title='bbox 325 1002 378 1020; x_wconf 89' lang='lat' dir='ltr'><strong>ms.</strong></span> <span class='ocrx_word' id='word_1_74' title='bbox 400 993 570 1021; x_wconf 83' lang='lat' dir='ltr'><strong>Senonense</strong></span> <span class='ocrx_word' id='word_1_75' title='bbox 589 993 697 1029; x_wconf 83' lang='lat' dir='ltr'><strong>(Opera</strong></span> <span class='ocrx_word' id='word_1_76' title='bbox 715 994 875 1025; x_wconf 81' lang='lat' dir='ltr'><strong>Oderanni)</strong></span> <span class='ocrx_word' id='word_1_77' title='bbox 895 1002 970 1021; x_wconf 70' lang='lat' dir='ltr'>saec.</span> <span class='ocrx_word' id='word_1_78' title='bbox 995 992 1036 1021; x_wconf 95' lang='grc'><strong>11.</strong></span> <span class='ocrx_word' id='word_1_79' title='bbox 1073 995 1143 1021; x_wconf 81' lang='lat' dir='ltr'>Col.</span> <span class='ocrx_word' id='word_1_80' title='bbox 1165 995 1298 1022; x_wconf 77' lang='lat' dir='ltr'><strong>Vatican.</strong></span> <span class='ocrx_word' id='word_1_81' title='bbox 1320 997 1422 1032; x_wconf 80' lang='lat' dir='ltr'><strong>Regin.</strong></span> 
     </span>
     <span class='ocr_line' id='line_1_20' title="bbox 100 1030 1420 1069; baseline 0.002 -10"><span class='ocrx_word' id='word_1_82' title='bbox 100 1030 166 1059; x_wconf 85' lang='lat'><strong>577.</strong></span> <span class='ocrx_word' id='word_1_83' title='bbox 188 1031 254 1060; x_wconf 85' lang='lat' dir='ltr'>add.</span> <span class='ocrx_word' id='word_1_84' title='bbox 276 1039 352 1060; x_wconf 84' lang='lat' dir='ltr'><strong>saec</strong></span> <span class='ocrx_word' id='word_1_85' title='bbox 372 1030 414 1058; x_wconf 82' lang='lat'><strong>12.</strong></span> <span class='ocrx_word' id='word_1_86' title='bbox 431 1033 464 1058; x_wconf 95' lang='lat' dir='ltr'>A.</span> <span class='ocrx_word' id='word_1_87' title='bbox 479 1032 619 1068; x_wconf 84' lang='lat' dir='ltr'>—Tr0p.</span> <span class='ocrx_word' id='word_1_88' title='bbox 636 1041 688 1059; x_wconf 88' lang='lat' dir='ltr'><strong>ms.</strong></span> <span class='ocrx_word' id='word_1_89' title='bbox 703 1034 805 1060; x_wconf 85' lang='lat' dir='ltr'><strong>incert.</strong></span> <span class='ocrx_word' id='word_1_90' title='bbox 821 1033 926 1068; x_wconf 83' lang='lat' dir='ltr'><em>origin.</em></span> <span class='ocrx_word' id='word_1_91' title='bbox 942 1040 1017 1059; x_wconf 82' lang='lat' dir='ltr'><strong>saec.</strong></span> <span class='ocrx_word' id='word_1_92' title='bbox 1035 1030 1078 1060; x_wconf 84' lang='lat'><strong>13.</strong></span> <span class='ocrx_word' id='word_1_93' title='bbox 1114 1033 1420 1069; x_wconf 67' lang='lat' dir='ltr'><strong>(2011.Cantabrigien.</strong></span> 
     </span>
    </p>
   </div>
   <div class='ocr_carea' id='block_1_9' title="bbox 100 1069 1423 1185">
    <p class='ocr_par' dir='ltr' id='par_1_9' title="bbox 100 1069 1423 1182">
     <span class='ocr_line' id='line_1_21' title="bbox 100 1069 1421 1105; baseline 0.002 -7"><span class='ocrx_word' id='word_1_94' title='bbox 100 1070 193 1099; x_wconf 82' lang='lat' dir='ltr'>Fond.</span> <span class='ocrx_word' id='word_1_95' title='bbox 221 1069 350 1098; x_wconf 76' lang='lat' dir='ltr'><strong>Sanders</strong></span> <span class='ocrx_word' id='word_1_96' title='bbox 377 1079 399 1097; x_wconf 81' lang='lat' dir='ltr'><strong>s.</strong></span> <span class='ocrx_word' id='word_1_97' title='bbox 427 1079 454 1097; x_wconf 86' lang='lat' dir='ltr'><strong>n.</strong></span> <span class='ocrx_word' id='word_1_98' title='bbox 483 1071 516 1097; x_wconf 88' lang='lat' dir='ltr'><strong>B.</strong></span> <span class='ocrx_word' id='word_1_99' title='bbox 540 1084 573 1088; x_wconf 91' lang='lat'>—</span> <span class='ocrx_word' id='word_1_100' title='bbox 601 1070 689 1105; x_wconf 84' lang='lat' dir='ltr'><strong>Trop.</strong></span> <span class='ocrx_word' id='word_1_101' title='bbox 714 1079 767 1097; x_wconf 84' lang='lat' dir='ltr'><strong>ms</strong></span> <span class='ocrx_word' id='word_1_102' title='bbox 796 1071 988 1105; x_wconf 53' lang='lat' dir='ltr'><strong>Sangallenae</strong></span> <span class='ocrx_word' id='word_1_103' title='bbox 1016 1079 1091 1098; x_wconf 80' lang='lat' dir='ltr'><strong>saec.</strong></span> <span class='ocrx_word' id='word_1_104' title='bbox 1117 1070 1174 1102; x_wconf 67' lang='lat'><strong>111</strong></span> <span class='ocrx_word' id='word_1_105' title='bbox 1205 1075 1244 1104; x_wconf 75' lang='lat' dir='ltr'><strong>et)</strong></span> <span class='ocrx_word' id='word_1_106' title='bbox 1266 1071 1308 1099; x_wconf 85' lang='grc'><strong>13.</strong></span> <span class='ocrx_word' id='word_1_107' title='bbox 1349 1073 1421 1100; x_wconf 83' lang='lat' dir='ltr'>Cod.</span> 
     </span>
     <span class='ocr_line' id='line_1_22' title="bbox 100 1106 1423 1145; baseline 0.001 -8"><span class='ocrx_word' id='word_1_108' title='bbox 100 1109 183 1144; x_wconf 79' lang='lat' dir='ltr'>Sang</span> <span class='ocrx_word' id='word_1_109' title='bbox 184 1109 273 1136; x_wconf 85' lang='lat' dir='ltr'><strong>allen.</strong></span> <span class='ocrx_word' id='word_1_110' title='bbox 294 1106 359 1135; x_wconf 85' lang='lat'>382.</span> <span class='ocrx_word' id='word_1_111' title='bbox 382 1110 413 1136; x_wconf 89' lang='lat' dir='ltr'>C.</span> <span class='ocrx_word' id='word_1_112' title='bbox 435 1123 472 1127; x_wconf 68' lang='lat'><em>-</em></span> <span class='ocrx_word' id='word_1_113' title='bbox 497 1108 524 1141; x_wconf 87' lang='lat' dir='ltr'><strong>l,</strong></span> <span class='ocrx_word' id='word_1_114' title='bbox 549 1107 562 1135; x_wconf 92' lang='lat'>1</span> <span class='ocrx_word' id='word_1_115' title='bbox 592 1109 682 1145; x_wconf 84' lang='lat' dir='ltr'><em>Regis</em></span> <span class='ocrx_word' id='word_1_116' title='bbox 703 1110 734 1137; x_wconf 88' lang='lat' dir='ltr'>C.</span> <span class='ocrx_word' id='word_1_117' title='bbox 756 1123 791 1128; x_wconf 89' lang='lat'><strong>--</strong></span> <span class='ocrx_word' id='word_1_118' title='bbox 817 1108 847 1141; x_wconf 87' lang='lat'><strong>1,</strong></span> <span class='ocrx_word' id='word_1_119' title='bbox 875 1107 892 1135; x_wconf 89' lang='grc'>2</span> <span class='ocrx_word' id='word_1_120' title='bbox 912 1109 1011 1144; x_wconf 69' lang='lat' dir='ltr'><strong>Pange</strong></span> <span class='ocrx_word' id='word_1_121' title='bbox 1032 1110 1072 1142; x_wconf 98' lang='lat' dir='ltr'><strong>A</strong></span> <span class='ocrx_word' id='word_1_122' title='bbox 1100 1110 1209 1145; x_wconf 78' lang='lat' dir='ltr'><em>Pangis</em></span> <span class='ocrx_word' id='word_1_123' title='bbox 1233 1111 1264 1138; x_wconf 94' lang='lat' dir='ltr'>C.</span> <span class='ocrx_word' id='word_1_124' title='bbox 1287 1125 1322 1129; x_wconf 92' lang='lat'>—</span> <span class='ocrx_word' id='word_1_125' title='bbox 1344 1109 1376 1143; x_wconf 83' lang='lat'>2</span> <span class='ocrx_word' id='word_1_126' title='bbox 1406 1109 1423 1138; x_wconf 90' lang='grc'>2</span> 
     </span>
     <span class='ocr_line' id='line_1_23' title="bbox 100 1128 1422 1185; baseline 0.002 -10"><span class='ocrx_word' id='word_1_127' title='bbox 100 1147 187 1175; x_wconf 83' lang='lat' dir='ltr'><em>tincti</em></span> <span class='ocrx_word' id='word_1_128' title='bbox 201 1147 259 1175; x_wconf 92' lang='lat' dir='ltr'>BC.</span> <span class='ocrx_word' id='word_1_129' title='bbox 276 1160 313 1165; x_wconf 92' lang='lat'><strong>--</strong></span> <span class='ocrx_word' id='word_1_130' title='bbox 329 1147 386 1174; x_wconf 77' lang='lat' dir='ltr'><strong>Str.</strong></span> <span class='ocrx_word' id='word_1_131' title='bbox 408 1144 426 1174; x_wconf 87' lang='lat'><strong>3</strong></span> <span class='ocrx_word' id='word_1_132' title='bbox 447 1147 540 1174; x_wconf 84' lang='lat' dir='ltr'><strong>lautet</strong></span> <span class='ocrx_word' id='word_1_133' title='bbox 561 1148 591 1174; x_wconf 91' lang='lat' dir='ltr'><em>in</em></span> <span class='ocrx_word' id='word_1_134' title='bbox 607 1148 645 1173; x_wconf 88' lang='lat' dir='ltr'><strong>B:</strong></span> <span class='ocrx_word' id='word_1_135' title='bbox 668 1147 752 1180; x_wconf 82' lang='lat' dir='ltr'><strong>Quod</strong></span> <span class='ocrx_word' id='word_1_136' title='bbox 774 1128 896 1174; x_wconf 47' lang='lat' dir='ltr'><strong>ren-{vat</strong></span> <span class='ocrx_word' id='word_1_137' title='bbox 916 1148 946 1174; x_wconf 85' lang='lat' dir='ltr'><em>in</em></span> <span class='ocrx_word' id='word_1_138' title='bbox 964 1147 1079 1175; x_wconf 80' lang='lat' dir='ltr'><strong>homine</strong></span> <span class='ocrx_word' id='word_1_139' title='bbox 1097 1147 1100 1182; x_wconf 93' lang='grc' dir='ltr'>Ι</span> <span class='ocrx_word' id='word_1_140' title='bbox 1121 1147 1254 1176; x_wconf 83' lang='lat' dir='ltr'><strong>Christus</strong></span> <span class='ocrx_word' id='word_1_141' title='bbox 1270 1158 1422 1185; x_wconf 81' lang='lat' dir='ltr'><strong>resmgeus</strong></span> 
     </span>
    </p>
   </div>
   <div class='ocr_carea' id='block_1_10' title="bbox 97 1182 1424 1559">
    <p class='ocr_par' dir='ltr' id='par_1_10' title="bbox 97 1182 1424 1413">
     <span class='ocr_line' id='line_1_24' title="bbox 100 1182 1422 1221; baseline 0 -8"><span class='ocrx_word' id='word_1_142' title='bbox 100 1186 189 1213; x_wconf 81' lang='lat' dir='ltr'><strong>hodie</strong></span> <span class='ocrx_word' id='word_1_143' title='bbox 208 1185 272 1221; x_wconf 75' lang='lat' dir='ltr'>(cfr.</span> <span class='ocrx_word' id='word_1_144' title='bbox 292 1183 320 1218; x_wconf 97' lang='lat'>4,</span> <span class='ocrx_word' id='word_1_145' title='bbox 340 1182 379 1218; x_wconf 78' lang='lat'><strong>4).</strong></span> <span class='ocrx_word' id='word_1_146' title='bbox 393 1199 431 1204; x_wconf 79' lang='lat'><strong>——</strong></span> <span class='ocrx_word' id='word_1_147' title='bbox 444 1183 474 1218; x_wconf 86' lang='lat'><strong>3,</strong></span> <span class='ocrx_word' id='word_1_148' title='bbox 497 1184 511 1212; x_wconf 85' lang='lat' dir='ltr'>l</span> <span class='ocrx_word' id='word_1_149' title='bbox 527 1184 613 1219; x_wconf 82' lang='lat' dir='ltr'><strong>Quod</strong></span> <span class='ocrx_word' id='word_1_150' title='bbox 629 1185 686 1212; x_wconf 80' lang='lat' dir='ltr'><strong>AC.</strong></span> <span class='ocrx_word' id='word_1_151' title='bbox 700 1199 738 1204; x_wconf 92' lang='lat'>-</span> <span class='ocrx_word' id='word_1_152' title='bbox 752 1185 780 1218; x_wconf 85' lang='lat'>4,</span> <span class='ocrx_word' id='word_1_153' title='bbox 802 1184 820 1212; x_wconf 81' lang='grc'>2</span> <span class='ocrx_word' id='word_1_154' title='bbox 834 1185 875 1213; x_wconf 77' lang='lat' dir='ltr'><strong>Et</strong></span> <span class='ocrx_word' id='word_1_155' title='bbox 894 1187 1094 1221; x_wconf 78' lang='lat' dir='ltr'><strong>proximorum</strong></span> <span class='ocrx_word' id='word_1_156' title='bbox 1110 1187 1143 1213; x_wconf 95' lang='lat' dir='ltr'>A.</span> <span class='ocrx_word' id='word_1_157' title='bbox 1159 1201 1192 1205; x_wconf 81' lang='lat'>—</span> <span class='ocrx_word' id='word_1_158' title='bbox 1207 1185 1234 1217; x_wconf 90' lang='lat'>4</span> <span class='ocrx_word' id='word_1_159' title='bbox 1254 1187 1273 1214; x_wconf 85' lang='lat'>4</span> <span class='ocrx_word' id='word_1_160' title='bbox 1287 1188 1422 1215; x_wconf 79' lang='lat' dir='ltr'><strong>Christus</strong></span> 
     </span>
     <span class='ocr_line' id='line_1_25' title="bbox 97 1222 1421 1261; baseline 0.001 -10"><span class='ocrx_word' id='word_1_161' title='bbox 97 1225 220 1261; x_wconf 82' lang='lat' dir='ltr'><strong>proprio</strong></span> <span class='ocrx_word' id='word_1_162' title='bbox 242 1225 388 1259; x_wconf 83' lang='lat' dir='ltr'><strong>sanguine</strong></span> <span class='ocrx_word' id='word_1_163' title='bbox 408 1224 441 1251; x_wconf 93' lang='lat' dir='ltr'><strong>B.</strong></span> <span class='ocrx_word' id='word_1_164' title='bbox 463 1238 500 1242; x_wconf 91' lang='lat'>—</span> <span class='ocrx_word' id='word_1_165' title='bbox 522 1223 548 1255; x_wconf 89' lang='lat'><strong>5,</strong></span> <span class='ocrx_word' id='word_1_166' title='bbox 575 1222 592 1250; x_wconf 94' lang='grc'>2</span> <span class='ocrx_word' id='word_1_167' title='bbox 615 1223 689 1251; x_wconf 82' lang='lat' dir='ltr'><em>lavit</em></span> <span class='ocrx_word' id='word_1_168' title='bbox 709 1224 840 1251; x_wconf 81' lang='lat' dir='ltr'><strong>facinora</strong></span> <span class='ocrx_word' id='word_1_169' title='bbox 861 1224 893 1250; x_wconf 97' lang='grc' dir='ltr'><strong>Β.</strong></span> <span class='ocrx_word' id='word_1_170' title='bbox 915 1238 952 1242; x_wconf 93' lang='grc'>-</span> <span class='ocrx_word' id='word_1_171' title='bbox 973 1224 998 1253; x_wconf 87' lang='grc'>6</span> <span class='ocrx_word' id='word_1_172' title='bbox 1022 1222 1040 1250; x_wconf 82' lang='grc'><strong>4</strong></span> <span class='ocrx_word' id='word_1_173' title='bbox 1061 1227 1145 1259; x_wconf 58' lang='lat' dir='ltr'><em>amnis</em></span> <span class='ocrx_word' id='word_1_174' title='bbox 1167 1225 1200 1251; x_wconf 87' lang='lat' dir='ltr'>A.</span> <span class='ocrx_word' id='word_1_175' title='bbox 1222 1240 1259 1243; x_wconf 76' lang='lat'>—</span> <span class='ocrx_word' id='word_1_176' title='bbox 1282 1224 1306 1254; x_wconf 86' lang='lat'><strong>7</strong></span> <span class='ocrx_word' id='word_1_177' title='bbox 1331 1224 1343 1253; x_wconf 93' lang='lat'>1</span> <span class='ocrx_word' id='word_1_178' title='bbox 1367 1226 1421 1252; x_wconf 82' lang='lat' dir='ltr'><em>tibi</em></span> 
     </span>
     <span class='ocr_line' id='line_1_26' title="bbox 98 1261 1421 1298; baseline -0.001 -8"><span class='ocrx_word' id='word_1_179' title='bbox 98 1271 150 1290; x_wconf 82' lang='lat' dir='ltr'><strong>rex</strong></span> <span class='ocrx_word' id='word_1_180' title='bbox 172 1266 202 1290; x_wconf 88' lang='lat' dir='ltr'><strong>et</strong></span> <span class='ocrx_word' id='word_1_181' title='bbox 222 1262 260 1296; x_wconf 74' lang='lat'><strong>03</strong></span> <span class='ocrx_word' id='word_1_182' title='bbox 289 1262 371 1290; x_wconf 84' lang='lat' dir='ltr'><strong>Laus</strong></span> <span class='ocrx_word' id='word_1_183' title='bbox 392 1263 517 1289; x_wconf 83' lang='lat' dir='ltr'><strong>creatori</strong></span> <span class='ocrx_word' id='word_1_184' title='bbox 538 1262 634 1297; x_wconf 80' lang='lat' dir='ltr'><strong>gloria</strong></span> <span class='ocrx_word' id='word_1_185' title='bbox 655 1263 687 1290; x_wconf 87' lang='lat' dir='ltr'><strong>B.</strong></span> <span class='ocrx_word' id='word_1_186' title='bbox 711 1276 745 1281; x_wconf 84' lang='lat'><strong>-—</strong></span> <span class='ocrx_word' id='word_1_187' title='bbox 788 1261 833 1293; x_wconf 97' lang='grc'><strong>,3</strong></span> <span class='ocrx_word' id='word_1_188' title='bbox 855 1262 912 1296; x_wconf 80' lang='lat' dir='ltr'><strong>Qui</strong></span> <span class='ocrx_word' id='word_1_189' title='bbox 933 1262 1120 1298; x_wconf 76' lang='lat' dir='ltr'><strong>triumphatis</strong></span> <span class='ocrx_word' id='word_1_190' title='bbox 1143 1264 1175 1290; x_wconf 98' lang='grc' dir='ltr'>Β</span> <span class='ocrx_word' id='word_1_191' title='bbox 1197 1277 1233 1282; x_wconf 85' lang='lat'><strong>-—</strong></span> <span class='ocrx_word' id='word_1_192' title='bbox 1255 1262 1280 1295; x_wconf 73' lang='lat'><strong>7,</strong></span> <span class='ocrx_word' id='word_1_193' title='bbox 1308 1263 1326 1291; x_wconf 84' lang='lat'>4</span> <span class='ocrx_word' id='word_1_194' title='bbox 1348 1264 1421 1292; x_wconf 71' lang='lat' dir='ltr'><strong>Suos</strong></span> 
     </span>
     <span class='ocr_line' id='line_1_27' title="bbox 97 1282 1421 1337; baseline -0.001 -7"><span class='ocrx_word' id='word_1_195' title='bbox 97 1301 138 1335; x_wconf 82' lang='lat' dir='ltr'><strong>B;</strong></span> <span class='ocrx_word' id='word_1_196' title='bbox 165 1301 307 1329; x_wconf 86' lang='lat' dir='ltr'>subvehis</span> <span class='ocrx_word' id='word_1_197' title='bbox 328 1302 369 1331; x_wconf 75' lang='lat' dir='ltr'>A.</span> <span class='ocrx_word' id='word_1_198' title='bbox 397 1299 537 1328; x_wconf 79' lang='lat' dir='ltr'><strong>subvehit</strong></span> <span class='ocrx_word' id='word_1_199' title='bbox 556 1301 588 1327; x_wconf 89' lang='grc' dir='ltr'><strong>Β.</strong></span> <span class='ocrx_word' id='word_1_200' title='bbox 612 1315 648 1319; x_wconf 84' lang='grc'><strong>-</strong></span> <span class='ocrx_word' id='word_1_201' title='bbox 670 1300 750 1328; x_wconf 79' lang='lat' dir='ltr'>Nach</span> <span class='ocrx_word' id='word_1_202' title='bbox 781 1282 811 1330; x_wconf 93' lang='lat'><strong>7</strong></span> <span class='ocrx_word' id='word_1_203' title='bbox 839 1300 858 1327; x_wconf 83' lang='lat'>4</span> <span class='ocrx_word' id='word_1_204' title='bbox 890 1301 939 1327; x_wconf 82' lang='lat' dir='ltr'><strong>hat</strong></span> <span class='ocrx_word' id='word_1_205' title='bbox 961 1302 983 1327; x_wconf 83' lang='lat' dir='ltr'>C</span> <span class='ocrx_word' id='word_1_206' title='bbox 1007 1302 1194 1329; x_wconf 78' lang='lat' dir='ltr'><strong>sinnstorend</strong></span> <span class='ocrx_word' id='word_1_207' title='bbox 1215 1301 1271 1328; x_wconf 82' lang='lat' dir='ltr'><strong>den</strong></span> <span class='ocrx_word' id='word_1_208' title='bbox 1293 1302 1338 1337; x_wconf 84' lang='lat' dir='ltr'><strong>Ep</strong></span> <span class='ocrx_word' id='word_1_209' title='bbox 1341 1303 1421 1329; x_wconf 75' lang='lat' dir='ltr'><em>iste}-</em></span> 
     </span>
     <span class='ocr_line' id='line_1_28' title="bbox 97 1312 1424 1376; baseline 0.001 -9"><span class='ocrx_word' id='word_1_210' title='bbox 97 1343 175 1367; x_wconf 74' lang='lat' dir='ltr'><strong>text:</strong></span> <span class='ocrx_word' id='word_1_211' title='bbox 205 1339 275 1376; x_wconf 84' lang='lat' dir='ltr'><strong>„sed</strong></span> <span class='ocrx_word' id='word_1_212' title='bbox 307 1340 337 1366; x_wconf 91' lang='lat' dir='ltr'><em>in</em></span> <span class='ocrx_word' id='word_1_213' title='bbox 359 1340 473 1374; x_wconf 83' lang='lat' dir='ltr'><em>azymis</em></span> <span class='ocrx_word' id='word_1_214' title='bbox 494 1340 674 1366; x_wconf 80' lang='lat' dir='ltr'><strong>sinceritatis</strong></span> <span class='ocrx_word' id='word_1_215' title='bbox 698 1341 723 1366; x_wconf 75' lang='grc' dir='ltr'><strong>εἰ</strong></span> <span class='ocrx_word' id='word_1_216' title='bbox 747 1338 899 1366; x_wconf 56' lang='lat' dir='ltr'><strong>v‘ef&#39;ztatzs</strong></span> <span class='ocrx_word' id='word_1_217' title='bbox 911 1359 916 1370; x_wconf 92' lang='lat'><strong><em>‚</em></strong></span> <span class='ocrx_word' id='word_1_218' title='bbox 946 1340 1061 1366; x_wconf 80' lang='lat' dir='ltr'><strong>worauf</strong></span> <span class='ocrx_word' id='word_1_219' title='bbox 1077 1344 1149 1368; x_wconf 80' lang='lat' dir='ltr'><strong>statt</strong></span> <span class='ocrx_word' id='word_1_220' title='bbox 1171 1338 1201 1371; x_wconf 83' lang='lat'><strong>7,</strong></span> <span class='ocrx_word' id='word_1_221' title='bbox 1224 1339 1241 1366; x_wconf 79' lang='grc'>5</span> <span class='ocrx_word' id='word_1_222' title='bbox 1262 1312 1338 1367; x_wconf 70' lang='grc' dir='ltr'>ιωᾱρ</span> <span class='ocrx_word' id='word_1_223' title='bbox 1342 1339 1359 1368; x_wconf 86' lang='grc'>6</span> <span class='ocrx_word' id='word_1_224' title='bbox 1380 1341 1424 1368; x_wconf 54' lang='lat' dir='ltr'><strong>als</strong></span> 
     </span>
     <span class='ocr_line' id='line_1_29' title="bbox 97 1377 368 1413; baseline -0.011 -7"><span class='ocrx_word' id='word_1_225' title='bbox 97 1377 258 1406; x_wconf 77' lang='lat' dir='ltr'>Abschlufs</span> <span class='ocrx_word' id='word_1_226' title='bbox 278 1377 368 1413; x_wconf 73' lang='lat' dir='ltr'><strong>fulg-t:</strong></span> 
     </span>
    </p>

    <p class='ocr_par' dir='ltr' id='par_1_11' title="bbox 523 1415 952 1452">
     <span class='ocr_line' id='line_1_30' title="bbox 523 1415 952 1452; baseline -0.007 -8"><span class='ocrx_word' id='word_1_227' title='bbox 523 1417 548 1444; x_wconf 90' lang='grc' dir='ltr'><strong>Ο</strong></span> <span class='ocrx_word' id='word_1_228' title='bbox 571 1424 659 1452; x_wconf 85' lang='lat' dir='ltr'><strong>quam</strong></span> <span class='ocrx_word' id='word_1_229' title='bbox 681 1415 776 1442; x_wconf 78' lang='lat' dir='ltr'><strong>duleis</strong></span> <span class='ocrx_word' id='word_1_230' title='bbox 798 1416 952 1443; x_wconf 81' lang='lat' dir='ltr'><strong>memoria!</strong></span> 
     </span>
    </p>

    <p class='ocr_par' dir='ltr' id='par_1_12' title="bbox 523 1453 885 1482">
     <span class='ocr_line' id='line_1_31' title="bbox 523 1453 885 1482; baseline -0.003 0"><span class='ocrx_word' id='word_1_231' title='bbox 523 1454 634 1482; x_wconf 87' lang='lat' dir='ltr'><strong>Christi</strong></span> <span class='ocrx_word' id='word_1_232' title='bbox 655 1453 739 1481; x_wconf 84' lang='lat' dir='ltr'><em>duxit</em></span> <span class='ocrx_word' id='word_1_233' title='bbox 758 1455 885 1481; x_wconf 78' lang='lat' dir='ltr'><em>victoria</em></span> 
     </span>
    </p>

    <p class='ocr_par' dir='ltr' id='par_1_13' title="bbox 522 1493 941 1525">
     <span class='ocr_line' id='line_1_32' title="bbox 522 1493 941 1525; baseline -0.002 -6"><span class='ocrx_word' id='word_1_234' title='bbox 522 1493 584 1520; x_wconf 88' lang='lat' dir='ltr'><strong>Nos</strong></span> <span class='ocrx_word' id='word_1_235' title='bbox 606 1493 643 1520; x_wconf 81' lang='lat' dir='ltr'><strong>ab</strong></span> <span class='ocrx_word' id='word_1_236' title='bbox 664 1493 768 1520; x_wconf 85' lang='lat' dir='ltr'><strong>umbra</strong></span> <span class='ocrx_word' id='word_1_237' title='bbox 788 1493 941 1525; x_wconf 51' lang='lat' dir='ltr'><em>tristitiam</em></span> 
     </span>
    </p>

    <p class='ocr_par' dir='ltr' id='par_1_14' title="bbox 523 1531 887 1559">
     <span class='ocr_line' id='line_1_33' title="bbox 523 1531 887 1559; baseline -0.003 0"><span class='ocrx_word' id='word_1_238' title='bbox 523 1531 588 1559; x_wconf 89' lang='lat' dir='ltr'><strong>Vox</strong></span> <span class='ocrx_word' id='word_1_239' title='bbox 609 1532 725 1558; x_wconf 81' lang='lat' dir='ltr'><strong>intonat</strong></span> <span class='ocrx_word' id='word_1_240' title='bbox 746 1531 887 1559; x_wconf 74' lang='lat' dir='ltr'><strong>laetitiae.</strong></span> 
     </span>
    </p>
   </div>
   <div class='ocr_carea' id='block_1_11' title="bbox 97 1587 986 1625">
    <p class='ocr_par' dir='ltr' id='par_1_15' title="bbox 97 1587 986 1625">
     <span class='ocr_line' id='line_1_34' title="bbox 97 1587 986 1625; baseline -0.003 -8"><span class='ocrx_word' id='word_1_241' title='bbox 97 1589 217 1618; x_wconf 85' lang='lat' dir='ltr'>Aufbau</span> <span class='ocrx_word' id='word_1_242' title='bbox 237 1589 298 1616; x_wconf 87' lang='lat' dir='ltr'><strong>und</strong></span> <span class='ocrx_word' id='word_1_243' title='bbox 318 1589 484 1625; x_wconf 84' lang='lat' dir='ltr'><strong>Rhythmus</strong></span> <span class='ocrx_word' id='word_1_244' title='bbox 506 1590 546 1617; x_wconf 82' lang='lat' dir='ltr'><strong>ist</strong></span> <span class='ocrx_word' id='word_1_245' title='bbox 564 1589 661 1624; x_wconf 80' lang='lat' dir='ltr'><strong>gleich</strong></span> <span class='ocrx_word' id='word_1_246' title='bbox 683 1588 746 1616; x_wconf 86' lang='lat' dir='ltr'><strong>dem</strong></span> <span class='ocrx_word' id='word_1_247' title='bbox 771 1597 827 1615; x_wconf 78' lang='lat' dir='ltr'><strong>von</strong></span> <span class='ocrx_word' id='word_1_248' title='bbox 850 1589 899 1615; x_wconf 83' lang='lat' dir='ltr'><strong>Nr.</strong></span> <span class='ocrx_word' id='word_1_249' title='bbox 921 1587 986 1616; x_wconf 57' lang='lat'><strong>389.</strong></span> 
     </span>
    </p>
   </div>
   <div class='ocr_carea' id='block_1_12' title="bbox 463 1721 1060 1752">
    <p class='ocr_par' dir='ltr' id='par_1_16' title="bbox 463 1721 1060 1752">
     <span class='ocr_line' id='line_1_35' title="bbox 463 1721 1060 1752; baseline -0.003 0"><span class='ocrx_word' id='word_1_250' title='bbox 463 1721 532 1752; x_wconf 76' lang='grc'>394.</span> <span class='ocrx_word' id='word_1_251' title='bbox 564 1721 602 1751; x_wconf 85' lang='lat' dir='ltr'><strong>In</strong></span> <span class='ocrx_word' id='word_1_252' title='bbox 624 1721 890 1751; x_wconf 67' lang='lat' dir='ltr'><strong>Remi-rectione</strong></span> <span class='ocrx_word' id='word_1_253' title='bbox 912 1721 1060 1751; x_wconf 85' lang='lat' dir='ltr'><strong>Domini.</strong></span> 
     </span>
    </p>
   </div>
   <div class='ocr_carea' id='block_1_13' title="bbox 207 1800 1258 2421">
    <p class='ocr_par' dir='ltr' id='par_1_17' title="bbox 207 1800 1258 1891">
     <span class='ocr_line' id='line_1_36' title="bbox 207 1800 1258 1843; baseline 0 -9"><span class='ocrx_word' id='word_1_254' title='bbox 207 1802 239 1836; x_wconf 92' lang='grc'><strong>1.</strong></span> <span class='ocrx_word' id='word_1_255' title='bbox 265 1801 378 1834; x_wconf 78' lang='lat' dir='ltr'><em>Lectio</em></span> <span class='ocrx_word' id='word_1_256' title='bbox 409 1801 563 1842; x_wconf 74' lang='lat' dir='ltr'><strong>epistolae</strong></span> <span class='ocrx_word' id='word_1_257' title='bbox 588 1802 673 1834; x_wconf 77' lang='lat' dir='ltr'><em>beati</em></span> <span class='ocrx_word' id='word_1_258' title='bbox 699 1800 801 1833; x_wconf 76' lang='lat' dir='ltr'><em>Pauli</em></span> <span class='ocrx_word' id='word_1_259' title='bbox 827 1801 965 1842; x_wconf 67' lang='lat' dir='ltr'><strong>apostoli</strong></span> <span class='ocrx_word' id='word_1_260' title='bbox 991 1803 1036 1834; x_wconf 74' lang='lat' dir='ltr'><strong>ad</strong></span> <span class='ocrx_word' id='word_1_261' title='bbox 1062 1802 1258 1843; x_wconf 72' lang='lat' dir='ltr'><em>Corinthios,</em></span> 
     </span>
     <span class='ocr_line' id='line_1_37' title="bbox 267 1849 828 1891; baseline -0.004 -9"><span class='ocrx_word' id='word_1_262' title='bbox 267 1849 317 1882; x_wconf 81' lang='lat' dir='ltr'><strong>Ne</strong></span> <span class='ocrx_word' id='word_1_263' title='bbox 345 1850 503 1891; x_wconf 86' lang='lat' dir='ltr'><em>recipiant</em></span> <span class='ocrx_word' id='word_1_264' title='bbox 529 1850 828 1890; x_wconf 80' lang='lat' dir='ltr'><strong>pseudoapostolos.</strong></span> 
     </span>
    </p>

    <p class='ocr_par' dir='ltr' id='par_1_18' title="bbox 414 1897 964 2034">
     <span class='ocr_line' id='line_1_38' title="bbox 414 1897 618 1938; baseline -0.005 -5.995"><span class='ocrx_word' id='word_1_265' title='bbox 414 1901 444 1932; x_wconf 83' lang='lat'><strong>2.</strong></span> <span class='ocrx_word' id='word_1_266' title='bbox 471 1897 618 1938; x_wconf 71' lang='lat' dir='ltr'><strong>Fratres,</strong></span> 
     </span>
     <span class='ocr_line' id='line_1_39' title="bbox 473 1945 962 1983; baseline -0.004 -5"><span class='ocrx_word' id='word_1_267' title='bbox 473 1945 537 1978; x_wconf 89' lang='lat' dir='ltr'><em>Hic</em></span> <span class='ocrx_word' id='word_1_268' title='bbox 561 1955 619 1978; x_wconf 89' lang='lat' dir='ltr'><strong>nos</strong></span> <span class='ocrx_word' id='word_1_269' title='bbox 640 1946 758 1979; x_wconf 84' lang='lat' dir='ltr'><strong>Paulus</strong></span> <span class='ocrx_word' id='word_1_270' title='bbox 783 1946 962 1983; x_wconf 76' lang='lat' dir='ltr'><strong>annuntiat,</strong></span> 
     </span>
     <span class='ocr_line' id='line_1_40' title="bbox 473 1993 964 2034; baseline 0 -8"><span class='ocrx_word' id='word_1_271' title='bbox 473 1994 524 2026; x_wconf 82' lang='lat' dir='ltr'><strong>Ne</strong></span> <span class='ocrx_word' id='word_1_272' title='bbox 549 1995 619 2034; x_wconf 85' lang='lat' dir='ltr'><em>quis</em></span> <span class='ocrx_word' id='word_1_273' title='bbox 646 1998 785 2026; x_wconf 83' lang='lat' dir='ltr'><strong>vestrum</strong></span> <span class='ocrx_word' id='word_1_274' title='bbox 815 1993 964 2034; x_wconf 81' lang='lat' dir='ltr'><em>desipiat.</em></span> 
     </span>
    </p>

    <p class='ocr_par' dir='ltr' id='par_1_19' title="bbox 414 2041 995 2132">
     <span class='ocr_line' id='line_1_41' title="bbox 414 2041 995 2084; baseline -0.007 -9"><span class='ocrx_word' id='word_1_275' title='bbox 414 2044 447 2076; x_wconf 82' lang='lat'><strong>3.</strong></span> <span class='ocrx_word' id='word_1_276' title='bbox 473 2041 666 2084; x_wconf 65' lang='lat' dir='ltr'><strong>Expurgate</strong></span> <span class='ocrx_word' id='word_1_277' title='bbox 689 2046 777 2075; x_wconf 78' lang='lat' dir='ltr'><strong>vetus</strong></span> <span class='ocrx_word' id='word_1_278' title='bbox 803 2042 995 2082; x_wconf 77' lang='lat' dir='ltr'><strong>fermentum</strong></span> 
     </span>
     <span class='ocr_line' id='line_1_42' title="bbox 473 2091 949 2132; baseline -0.002 -9"><span class='ocrx_word' id='word_1_279' title='bbox 473 2091 567 2123; x_wconf 85' lang='lat' dir='ltr'><strong>quta</strong></span> <span class='ocrx_word' id='word_1_280' title='bbox 597 2095 687 2123; x_wconf 89' lang='lat' dir='ltr'><strong>vetus</strong></span> <span class='ocrx_word' id='word_1_281' title='bbox 713 2094 949 2132; x_wconf 79' lang='lat' dir='ltr'><strong>testamentum,</strong></span> 
     </span>
    </p>

    <p class='ocr_par' dir='ltr' id='par_1_20' title="bbox 415 2138 949 2227">
     <span class='ocr_line' id='line_1_43' title="bbox 415 2138 949 2178; baseline -0.004 -6"><span class='ocrx_word' id='word_1_282' title='bbox 415 2140 449 2172; x_wconf 90' lang='lat'><strong>4.</strong></span> <span class='ocrx_word' id='word_1_283' title='bbox 479 2138 522 2172; x_wconf 81' lang='lat' dir='ltr'><strong>Ut</strong></span> <span class='ocrx_word' id='word_1_284' title='bbox 545 2138 618 2172; x_wconf 76' lang='lat' dir='ltr'><em>sitis</em></span> <span class='ocrx_word' id='word_1_285' title='bbox 641 2149 727 2172; x_wconf 79' lang='lat' dir='ltr'><strong>nova</strong></span> <span class='ocrx_word' id='word_1_286' title='bbox 753 2139 949 2178; x_wconf 74' lang='lat' dir='ltr'><strong>conspersio,</strong></span> 
     </span>
     <span class='ocr_line' id='line_1_44' title="bbox 474 2185 880 2227; baseline -0.005 -7"><span class='ocrx_word' id='word_1_287' title='bbox 474 2185 593 2220; x_wconf 88' lang='lat' dir='ltr'><em>Imbuti</em></span> <span class='ocrx_word' id='word_1_288' title='bbox 617 2187 734 2227; x_wconf 82' lang='lat' dir='ltr'><em>spiritu</em></span> <span class='ocrx_word' id='word_1_289' title='bbox 758 2192 880 2226; x_wconf 85' lang='lat' dir='ltr'><strong>sancto,</strong></span> 
     </span>
    </p>

    <p class='ocr_par' dir='ltr' id='par_1_21' title="bbox 415 2233 841 2326">
     <span class='ocr_line' id='line_1_45' title="bbox 415 2233 811 2277; baseline -0.005 -9"><span class='ocrx_word' id='word_1_290' title='bbox 415 2236 448 2268; x_wconf 83' lang='lat'><strong>5.</strong></span> <span class='ocrx_word' id='word_1_291' title='bbox 475 2233 567 2268; x_wconf 73' lang='lat' dir='ltr'><em>Sicut</em></span> <span class='ocrx_word' id='word_1_292' title='bbox 591 2235 666 2268; x_wconf 71' lang='lat' dir='ltr'><em>estis</em></span> <span class='ocrx_word' id='word_1_293' title='bbox 690 2236 811 2277; x_wconf 72' lang='lat' dir='ltr'><em>azymi,</em></span> 
     </span>
     <span class='ocr_line' id='line_1_46' title="bbox 473 2282 841 2326; baseline 0 -10"><span class='ocrx_word' id='word_1_294' title='bbox 473 2282 575 2316; x_wconf 79' lang='lat' dir='ltr'><em>Positi</em></span> <span class='ocrx_word' id='word_1_295' title='bbox 599 2291 696 2315; x_wconf 80' lang='lat' dir='ltr'><strong>carne</strong></span> <span class='ocrx_word' id='word_1_296' title='bbox 721 2282 841 2326; x_wconf 81' lang='lat' dir='ltr'><strong>fragili.</strong></span> 
     </span>
    </p>

    <p class='ocr_par' dir='ltr' id='par_1_22' title="bbox 415 2329 950 2421">
     <span class='ocr_line' id='line_1_47' title="bbox 415 2329 927 2372; baseline 0 -8"><span class='ocrx_word' id='word_1_297' title='bbox 415 2331 446 2364; x_wconf 89' lang='lat'><strong>6.</strong></span> <span class='ocrx_word' id='word_1_298' title='bbox 472 2329 606 2363; x_wconf 79' lang='lat' dir='ltr'><em>Etenim</em></span> <span class='ocrx_word' id='word_1_299' title='bbox 628 2332 755 2372; x_wconf 75' lang='lat' dir='ltr'><em>pascha</em></span> <span class='ocrx_word' id='word_1_300' title='bbox 779 2334 927 2364; x_wconf 74' lang='lat' dir='ltr'><strong>nostrum</strong></span> 
     </span>
     <span class='ocr_line' id='line_1_48' title="bbox 474 2379 950 2421; baseline -0.002 -9"><span class='ocrx_word' id='word_1_301' title='bbox 474 2379 538 2412; x_wconf 91' lang='lat' dir='ltr'><strong>Pro</strong></span> <span class='ocrx_word' id='word_1_302' title='bbox 563 2380 785 2421; x_wconf 82' lang='lat' dir='ltr'><strong>redemptione</strong></span> <span class='ocrx_word' id='word_1_303' title='bbox 810 2380 950 2412; x_wconf 85' lang='lat' dir='ltr'><strong>omnium</strong></span> 
     </span>
    </p>
   </div>
  </div>
 </body>
</html>
