1653 2689
679 82 916 117 -63-

259 174 294 207 2.
319 174 390 208 Iam
414 173 541 216 fugiant
564 177 727 219 lacrimae,
753 178 888 220 gemitus
912 179 1105 220 praecordia
1127 179 1270 221 linquam

382 221 533 258 percipite
551 231 677 261 reynwm

253 259 286 292 3.
313 259 411 293 Nunc
434 270 558 295 mecum
584 264 660 296 laeti
686 265 851 305 placidum
876 265 1051 306 gaudentes
1076 274 1136 305 per
1159 273 1283 305 aevum,

386 306 468 342 quod
487 308 571 337 vobis
586 312 736 346 paratum
757 313 799 340 est
820 309 859 338 ab
879 311 996 349 on'yine
1015 309 1130 339 mundi.

214 371 303 409 Trop.
325 382 379 402 ms.
401 373 689 411 Sammaglorianum
711 387 786 406 saec.
811 376 854 406 12.
896 379 965 406 Cod.
986 379 1111 407 Parisin.
1136 376 1242 406 13252.
1266 379 1290 406 A
1311 393 1347 397 —-
1368 379 1455 415 Trop.

134 410 400 477 lips.u1}{v;33rnense
421 421 497 440 saec.
522 412 566 441 12.
607 414 677 442 Cod.
699 416 826 444 Parisin.
849 417 943 444 Νοιιν.
965 425 1029 453 aeq.
1052 414 1134 444 1235.
1149 418 1183 444 Β.
1205 432 1239 436 -
1263 414 1280 443 2
1301 419 1457 452 praeconia

147 457 200 484 inq
300 469 307 476 .

494 526 562 557 114.
593 526 631 555 In
652 527 918 560 Resurrectione
941 529 1088 560 Domini.

704 588 813 615 Feria
840 589 890 616 1V.

251 660 283 693 1.
310 660 484 693 Paschales
509 661 541 693 in
568 662 680 694 laudes
707 663 876 696 humanum
901 669 1012 706 pectus
1038 665 1179 706 anhelat,

309 708 406 741 Clara
432 708 590 741 salutiferi
617 719 694 741 voce
720 712 878 743 attendite
903 714 1026 745 cuncti:

384 752 497 789 Venite,
518 753 664 783 benedieti
679 756 783 792 patris
803 757 868 791 mei,

248 795 280 828 2.
307 795 464 827 Maiestas
492 795 620 828 Domini
646 797 806 835 promittit
833 798 916 829 viam
940 800 1063 837 salutiS,

380 840 527 876 percipite
547 849 681 878 reynum,

250 882 281 915 3.
308 881 530 913 Retribuendo
558 883 673 914 donum
700 883 822 915 intrare
847 884 880 915 in
907 885 1018 917 semite
1044 884 1140 922 vitae,

386 925 468 962 quod
487 926 572 955 vobis
588 930 738 964 paratum
759 931 801 957 est
822 928 860 956 ab
882 929 998 967 oriyine
1018 928 1135 958 mundi.

249 969 281 1001 4.
308 966 490 999 Laetificati
516 976 634 1004 omnes,
663 969 801 1000 delectet
829 971 925 1001 corde
951 970 1063 1003 fateri:

384 1011 530 1048 Alleluia,
551 1012 694 1041 Alleluia.

209 1080 298 1115 Trop.
326 1089 380 1107 ms.
408 1080 622 1109 Moissiacense
649 1089 726 1108 saec.
759 1081 802 1109 11.
851 1082 920 1110 Cod.
948 1084 1074 1110 Parisin.
1102 1083 1198 1110 NouV.
1227 1091 1290 1117 aeq.
1314 1080 1396 1109 1871.
1418 1097 1454 1101 ——

131 1119 175 1146 Im
195 1118 287 1146 Texte
310 1119 348 1146 ist
370 1119 508 1147 manches
529 1119 648 1151 dunkeL
671 1121 747 1147 wohl
771 1121 941 1148 verdorben.

491 1232 560 1263 115.
592 1231 632 1262 In
653 1233 919 1264 Remu-rectione
941 1233 1089 1264 Domini.

699 1293 811 1320 Feria
838 1293 889 1320 IV.

244 1369 275 1402 1.
303 1369 469 1409 Omnibus,
495 1378 579 1407 ecce,
607 1367 682 1409 piis,
710 1371 767 1410 pia
793 1379 854 1403 vox
881 1371 963 1403 sicut
989 1372 1112 1403 intonat
1139 1368 1200 1409 eis,

304 1417 400 1450 Clara
425 1417 550 1457 cohors,
577 1418 702 1458 psallas
729 1422 759 1449 et
786 1423 851 1451 tam
877 1428 970 1451 sacra
995 1427 1127 1451 munera
1154 1419 1263 1452 dicas:

385 1461 498 1497 Venite,
521 1462 667 1492 benedicti
683 1464 789 1499 patris
812 1463 876 1497 mei,

245 1505 277 1536 2.
305 1504 370 1536 Pro
394 1504 519 1536 meritis
544 1504 695 1538 meritam
723 1505 777 1536 dat
805 1506 875 1546 quis
899 1505 987 1537 Deus
1013 1506 1084 1546 ipse
1110 1514 1280 1543 coronam3

374 1549 523 1587 percipite
544 1558 684 1587 regnum,-

244 1592 274 1624 3.
305 1590 368 1622 Vos
394 1591 463 1622 sine
488 1590 705 1624 finesacrum
734 1591 868 1631 capietis
895 1591 928 1622 in
953 1592 1083 1624 aethere
1112 1592 1243 1631 donum,

378 1635 460 1671 quod
482 1636 567 1665 vobis
584 1638 732 1673 paratum
753 1640 797 1665 est
819 1635 857 1665 ab
878 1637 996 1673 oriyine
1016 1636 1130 1665 mundi.

247 1678 279 1710 4.
307 1677 333 1710 Ο
359 1686 441 1709 nova
467 1679 648 1718 progenieS,
676 1679 824 1719 populus,
851 1686 935 1709 nunc
960 1683 1070 1710 sancte
1096 1680 1218 1710 creanti

382 1721 509 1751 cantate
531 1722 667 1751 Domino
689 1724 841 1752 canticum
860 1732 982 1752 novum.

206 1792 293 1827 Trop.
323 1801 376 1819 ms.
398 1791 605 1819 Wintoniense
633 1800 709 1819 saec.
743 1791 786 1820 10.
816 1801 858 1820 ex.
907 1792 977 1819 Cod.
999 1793 1140 1820 Oxonien.
1164 1793 1246 1820 Bodl.
1276 1791 1338 1820 775.
1361 1793 1395 1819 A.
1418 1808 1453 1812 —

130 1830 218 1865 Trop.
240 1838 293 1857 ms.
315 1831 524 1857 Wintoniense
545 1839 621 1858 saec.
646 1829 689 1857 11.
731 1831 801 1858 Cod.
823 1830 897 1858 Coll.
914 1831 999 1866 Corp.
1016 1831 1127 1859 Christi
1143 1832 1364 1866 Cantabrigieu.
1387 1830 1451 1859 473.

126 1869 159 1896 B.
187 1883 223 1887 —
250 1869 339 1904 Trop.
366 1877 418 1896 ms.
447 1867 655 1896 Glastoniense
683 1869 940 1903 (PCantuariense)
966 1879 1042 1897 saec.
1074 1868 1117 1896 11.
1147 1879 1190 1897 ex.
1217 1872 1256 1900 (et
1287 1869 1340 1900 121
1380 1870 1450 1897 cod.

126 1907 291 1935 Londinen.
318 1907 413 1943 Calig.
439 1907 465 1934 A
491 1908 571 1935 XIV.
600 1907 631 1935 C.
652 1922 689 1926 —
714 1907 743 1940 1,
772 1907 784 1935 1
809 1910 926 1935 intonat
948 1910 995 1936 eia
1015 1908 1103 1941 AB&
1132 1917 1223 1944 gegen
1245 1910 1300 1936 den
1322 1910 1449 1936 Binneu-

126 1946 208 1974 reim.
229 1960 267 1964 —
291 1943 316 1978 1,
336 1943 355 1972 2
374 1945 487 1982 psallat
506 1946 537 1973 C.
559 1961 595 1965 —
616 1944 635 1973 3
655 1947 716 1974 Nos
738 1947 771 1974 C.

484 2059 553 2090 116.
585 2061 623 2090 In
644 2060 911 2092 Resurrectione
933 2061 1081 2092 Domini.

696 2121 809 2148 Feria
836 2121 886 2147 IV.

242 2196 275 2229 1.
302 2196 387 2235 Quos
413 2204 484 2228 mea
509 2201 664 2238 perpetuo
691 2200 832 2238 praescit
855 2199 1061 2239 providentia
1086 2199 1169 2239 visu,

302 2243 420 2277 Mortis
446 2243 487 2276 ab
514 2246 628 2278 exsilio
653 2247 716 2278 iam
743 2257 826 2280 nunc
851 2247 919 2279 sine
945 2246 1006 2279 fine
1033 2247 1204 2288 redempti,

381 2288 493 2324 Venite,
514 2290 660 2320 benedieti
678 2293 776 2329 patris
798 2292 862 2326 mei,
879 2292 1027 2329 percipite
1050 2300 1176 2330 regnum

243 2332 274 2364 2.
303 2330 440 2364 Lumine
464 2332 680 2372 perspicuum,
708 2334 804 2373 plena
829 2333 972 2366 bonitate
998 2333 1162 2377 refertum,

379 2375 460 2414 quod
481 2376 565 2406 vobis
583 2380 731 2414 paratum
752 2381 795 2408 est
815 2378 854 2409 ab
875 2379 991 2417 origine
1011 2379 1131 2413 mundi,
