1653 2689
974 119 1063 139 ··s·z·-
1111 126 1130 133 7-
1145 120 1194 149 -vg
1210 134 1214 145 ,
1231 139 1237 145 ,,
1255 124 1266 145 1.

757 175 803 180 —
851 155 921 191 242
969 175 1019 182 -
1066 143 1090 154 ”

554 259 624 292 469.
654 260 691 290 In
712 259 948 297 ,assumptione
968 258 1099 290 Boutae
1120 257 1166 288 Μ.
1187 257 1228 289 V.

233 342 251 374 1
266 351 296 376 a.
330 341 356 374 Ο
380 340 497 381 Maria,
922 337 986 372 lb.
1019 338 1071 370 Tu
1093 346 1153 370 nos
1177 337 1266 379 audi,

328 389 435 422 Maver
459 388 523 429 pia,
1017 386 1105 418 Tuae
1130 385 1219 418 laudi

375 436 483 469 Mater
507 435 686 474 salvatoris,
1066 433 1168 466 Grata
1188 433 1229 464 sit
1254 433 1325 465 laus
1350 432 1426 466 oris.

234 505 296 537 2a.
332 503 444 535 Turris
470 502 554 542 regis
579 501 709 541 gloriae,
925 500 988 535 2b.
1023 501 1196 533 Thalamus
1221 500 1408 541 munditiae,

378 550 545 589 Templum
573 548 796 588 redemptoris,
1068 547 1272 589 signaculum
1298 548 1443 588 pudoris.

235 619 294 650 3a.
330 617 416 649 Fons
438 615 687 656 misericordiae,
925 615 987 648 3b.
1023 615 1121 655 Virgo
1147 623 1284 646 vernans
1309 615 1416 655 specie

234 686 295 717 4a.
330 685 366 716 In
394 682 473 715 caeli
498 681 587 719 solio,
924 681 986 714 4b.
1023 681 1118 713 Salvo
1144 681 1276 720 gremio,

377 731 403 763 Ο
428 738 544 770 parens
570 728 740 769 singularis
1066 726 1171 769 Digna
1189 728 1343 768 puellaris

638 798 668 828 5.
710 796 824 828 Partus
850 795 977 835 gaudio.

711 843 748 874 In
774 843 834 874 hoc
861 843 956 874 dubio

704 890 818 922 Mundi
844 900 902 922 nos
927 891 1055 931 navigio

708 939 738 970 A
764 937 931 978 naufragio

757 985 863 1026 Salva,
890 986 983 1018 stella
1010 987 1118 1018 maris.

322 1063 458 1090 Cantion.
488 1070 541 1088 ms.
567 1061 645 1088 Petri
672 1057 709 1087 de
735 1060 857 1088 Medicis
879 1060 1048 1093 (Gallicum)
1073 1070 1150 1088 saec.
1177 1058 1221 1088 13.
1268 1059 1338 1088 Cod.
1367 1061 1562 1089 Laurentian.

242 1102 286 1128 Pl.
307 1099 355 1128 29.
377 1100 401 1127 1.
422 1114 459 1119 -
480 1100 536 1126 Die
558 1098 858 1134 Strophenabteilung
877 1099 1135 1126 veranschaulicht
1156 1108 1211 1125 nur
1231 1098 1279 1126 die
1301 1099 1456 1132 textliche,
1478 1100 1561 1128 nicht

241 1140 288 1167 die
314 1137 525 1166 musikalische
552 1138 735 1172 Symmetrie.
760 1151 798 1154 —
823 1137 931 1173 Einzig
958 1137 1005 1164 die
1033 1138 1170 1172 Stellung
1194 1137 1290 1164 dieses
1312 1138 1418 1165 Liedes
1448 1139 1480 1165 in
1508 1139 1559 1166 der

242 1177 436 1204 Handsehrift
474 1175 636 1202 veraniasst
677 1175 769 1206 mich,
810 1176 841 1202 in
875 1175 1044 1202 demselben
1078 1177 1164 1204 einen
1197 1175 1312 1210 Tropus
1346 1185 1413 1203 zum
1448 1176 1560 1204 Versus

242 1216 450 1242 Alleluiaticus
485 1214 538 1240 auf
566 1214 732 1248 Assumptio
767 1222 804 1239 zu
837 1217 1002 1240 vermuten:
1039 1214 1253 1248 „Assumpta
1287 1217 1341 1240 est
1374 1215 1492 1242 Maria
1524 1217 1562 1242 in

242 1254 400 1285 caelum
426 1249 588 1289 gau'dent
615 1251 757 1286 angeli,
785 1251 1049 1278 collaudantes
1077 1251 1308 1279 benedicunt
1337 1252 1561 1280 Dominum“.

660 1362 728 1392 470.
762 1363 811 1392 De
832 1362 942 1393 Beata
962 1363 1074 1393 Maria
1094 1364 1133 1394 V.

632 1442 648 1474 1
690 1441 795 1481 stirps
822 1442 907 1472 Iesse
933 1443 1147 1482 progreditur,

741 1489 837 1528 Virga
863 1490 972 1528 prodit
999 1491 1142 1529 caelitus,

690 1537 740 1568 Ex
768 1537 857 1576 virga
881 1535 938 1568 flos
964 1539 1172 1578 producitur3

737 1583 874 1623 Spiritus

629 1633 648 1663 5
783 1630 986 1671 septiformis
1012 1633 1134 1672 gratiae

832 1679 958 1710 Florem
986 1679 1109 1719 perficit

789 1727 910 1758 Fruotu
936 1727 1074 1768 gloriae3

833 1773 909 1806 Flos
935 1775 1053 1806 electos
1080 1775 1192 1815 reficit,

695 1821 790 1853 Cuius
816 1822 896 1853 odor
921 1823 1071 1854 mentium

610 1869 651 1901 10
691 1869 750 1900 Est
775 1870 961 1902 remedium.

324 1947 462 1975 Cantion.
484 1953 536 1971 ms.
559 1945 639 1971 Petri
660 1944 695 1971 de
716 1944 839 1971 Medicis
855 1945 1022 1978 (Gallicum)
1043 1955 1117 1973 saec.
1142 1944 1184 1973 1:⁷3,
1220 1947 1289 1975 Cod.
1304 1949 1499 1978 Laurentian.
1522 1951 1568 1978 Pl.

249 1984 296 2013 29.
319 1984 346 2012 1.
366 1999 403 2003 ——
423 1983 558 2018 Mangels
576 1983 659 2018 jeder
679 1984 817 2009 weiteren
838 1983 960 2018 Angabe
982 1985 1011 2010 in
1033 1985 1083 2011 der
1104 1985 1206 2019 Quelle
1228 1987 1266 2012 ist
1287 1996 1317 2014 es
1339 1996 1396 2015 nur
1417 1990 1483 2016 eine
1497 1990 1570 2017 Ver-

250 2027 385 2060 mutung,
416 2031 500 2050 weun
531 2021 578 2048 ich
610 2021 654 2047 als
684 2022 844 2056 tropierteu
875 2022 949 2048 Text
978 2022 1035 2049 den
1061 2024 1170 2049 Vei-<us
1197 2024 1405 2053 Alleluiaticus
1437 2028 1568 2064 angebe:

250 2063 379 2098 „Virga
408 2062 509 2088 lesse
539 2059 684 2091 floruit,
711 2060 819 2094 virgo
842 2060 955 2086 Deum
982 2064 1015 2087 et
1042 2061 1217 2088 hominem
1249 2066 1381 2099 genuit
1407 2066 1479 2092 etc.“

674 2171 744 2202 471.
776 2171 824 2202 De
845 2172 956 2202 Beata
977 2173 1087 2204 Maria
1108 2175 1147 2205 V·

287 2257 303 2288 1
342 2253 449 2287 Radix
476 2251 596 2291 veniae,
1033 2254 1180 2286 Thronus
1206 2255 1336 2295 gloriae.

344 2303 433 2334 Vena
457 2299 588 2341 gratiae,
1033 2301 1152 2333 Summi
1178 2303 1262 2343 regis
1288 2304 1379 2345 cella,

391 2349 470 2380 Viae
497 2346 560 2378 dux
586 2349 618 2377 et
642 2349 764 2386 portus,
1080 2351 1166 2382 Iesse
1192 2351 1328 2393 virgula,

344 2399 444 2430 Porta
467 2394 602 2434 patriae,
1129 2397 1181 2430 Ex
1205 2407 1268 2439 qua
1292 2397 1351 2431 flos
1376 2402 1426 2430 est
1450 2403 1540 2433 ortus

289 2451 308 2482 5
394 2444 468 2476 Veri
494 2443 570 2474 solis
595 2446 696 2483 ortuS‚
952 2445 997 2477 10
1084 2445 1218 2478 Salvans
1243 2446 1384 2486 saecula,
