1653 2689
733 121 991 158 —2644

608 283 676 314 504.
707 283 746 312 In
765 281 865 313 unius
886 280 1116 313 confessoris.

574 341 689 387 [Posui
715 343 918 375 adiutorium
942 342 980 374 in
999 338 1146 386 potente]

206 483 213 491 ,
250 449 267 483 1
296 450 339 482 Et
365 448 505 481 exaltavi
911 449 956 481 20
982 447 1027 480 Et
1050 446 1142 479 cibus
1165 447 1334 486 vermium,

345 497 452 530 Plebis
477 497 626 529 humilem
986 496 1048 528 Vas
1074 503 1108 526 es
1133 493 1343 537 sordi(d)um‚

344 545 576 583 venerabilem,
1030 542 1218 582 Sepulcrum
1245 543 1388 575 sceleris.

296 593 339 625 Et
365 593 537 632 superbum
563 592 715 625 inclinavi
1030 590 1154 624 Damna
1181 590 1294 630 culpae
1321 590 1441 623 veteris

251 642 270 673 5
345 640 592 680 Despicabilem.
1032 638 1065 670 Si
1091 639 1285 679 memineris,

296 689 412 721 Fastus
438 689 552 719 mentis
578 689 733 728 germinat
910 689 954 720 25
982 686 1134 727 Expedit,
1161 691 1197 718 ut
1222 686 1345 729 vigiles,

343 736 608 776 Turpitudinem3
981 735 1088 767 Gazas‘
1111 734 1221 766 mundi
1248 735 1375 766 steriles

297 783 414 816 Fastus
440 789 569 815 ventum
594 785 731 817 seminat
981 784 1172 815 Contemnas
1198 790 1355 821 quaerens
1379 780 1517 825 fertiles,

344 832 386 864 Et
412 832 501 862 metit
527 831 696 864 turbinem.
1032 829 1192 871 Sincera,

227 879 267 911 10
294 879 380 919 Ergo
406 879 530 917 labiles,
983 876 1174 917 lneffabiles,

293 927 434 959 Umbrae
458 928 588 964 similes,
911 927 955 959 30
1032 925 1130 957 Veras

294 974 439 1015 Fragiles
982 973 1252 1005 Interminabiles.

340 1023 382 1054 Et
408 1032 506 1054 vanas
983 1022 1031 1053 Ne
1056 1021 1180 1061 timeas,

387 1069 504 1110 Fugias
979 1070 1061 1109 Quin
1085 1069 1225 1109 gaudeas

225 1117 267 1149 15
395 1117 541 1159 Divitias,
1031 1117 1066 1149 In
1093 1117 1146 1147 die
1169 1114 1280 1155 flebili,

295 1165 465 1197 Instabiles
727 1198 729 1201 ,
911 1167 954 1198 35
982 1165 1015 1196 Si
1042 1168 1246 1203 pertranseas

342 1213 383 1244 Et
411 1212 574 1251 profanas
979 1213 1048 1244 Has
1074 1212 1184 1251 paleas

293 1261 362 1300 Qui,
389 1268 458 1290 cum
485 1260 658 1301 interieris,
1027 1259 1218 1291 Adhaerens
1245 1258 1358 1289 humili

296 1308 367 1340 Olla
393 1307 508 1339 cineris
982 1307 1101 1346 Grano‚
1129 1306 1251 1338 cunctis
1277 1306 1360 1343 utili,

485 1355 575 1394 Quod
603 1354 743 1387 exaltavi
772 1351 914 1396 [electum
943 1355 981 1386 de
1000 1354 1092 1395 plebe
1117 1353 1216 1396 mea}

275 1449 411 1476 Cantion.
432 1458 484 1475 ms(
506 1449 587 1476 Petri
609 1448 643 1475 de
665 1447 788 1475 Medicis
808 1448 976 1479 (Gallicum)
996 1457 1071 1476 saec.
1095 1446 1139 1474 13.
1173 1447 1244 1476 cod.
1265 1449 1457 1475 Laurentian.
1472 1448 1517 1475 Pl.

199 1484 246 1514 29.
276 1486 300 1512 1.
321 1488 354 1514 Α.
375 1501 412 1506 -·
432 1487 568 1518 Flaciusv
596 1488 646 1513 ΝΥ.
669 1487 805 1514 XXXIV.
826 1488 857 1513 Β.
880 1500 916 1504 -
939 1485 956 1514 9
977 1487 1072 1522 Atque
1094 1488 1176 1513 metit
1197 1486 1230 1513 B.
1253 1501 1288 1504 —
1312 1485 1346 1513 19
1366 1486 1435 1514 Eris
1457 1487 1517 1513 olla

198 1524 232 1552 Β.
253 1539 290 1544 —
310 1523 346 1552 23
368 1525 512 1552 Damnum
534 1525 567 1552 Β.
589 1539 624 1543 -·
647 1523 684 1552 34
705 1524 775 1552 Inde
799 1525 889 1552 flebili
911 1525 944 1552 A.
966 1540 1002 1543 —
1024 1523 1060 1552 37
1082 1524 1249 1552 Adhaereas
1273 1526 1304 1551 B.
1327 1541 1362 1544 ——
1383 1522 1421 1552 39
1444 1525 1517 1552 fehlt

198 1563 231 1590 B.
254 1577 287 1582 —
313 1562 446 1599 Stelluug
469 1562 519 1590 des
542 1563 647 1590 Liedes
669 1565 698 1590 in
720 1564 753 1593 A,
774 1563 873 1590 Inhalt
893 1563 952 1590 und
973 1562 1130 1590 Abschluss
1152 1563 1294 1598 sprecheu
1315 1563 1361 1590 fur
1381 1562 1428 1590 die
1450 1572 1516 1590 vor-

198 1600 311 1637 gelegte
333 1602 595 1636 Determinieruug.

600 1714 664 1743 505.
696 1715 732 1743 In
755 1714 852 1745 unius
875 1713 1104 1745 confessoris.

247 1814 262 1844 1
291 1812 447 1844 Laetetur
979 1813 1062 1845 Laus
1090 1813 1255 1854 hodierna,

291 1860 412 1900 Iustus,
441 1860 595 1899 glorietur
1024 1862 1091 1901 Quo
1117 1861 1245 1892 iuvetur

337 1908 378 1939 In
405 1907 561 1946 Domino,
908 1909 950 1940 10
977 1908 1058 1948 Spes
1083 1908 1221 1945 interna,

338 1957 433 1988 Vitae
457 1955 604 1991 termino,
979 1956 1075 1988 Cuius
1101 1957 1168 1988 vita
1193 1956 1264 1989 viae
1289 1957 1333 1988 sit
1357 1957 1501 1998 lucerna,

244 2005 262 2035 5
338 2003 396 2043 Qui
419 2003 516 2035 vitam
544 2003 651 2034 divino
977 2004 1064 2043 Quae
1089 2005 1192 2036 noctis
1217 2014 1235 2036 a
1263 2005 1404 2037 cisterna

338 2051 460 2082 Firmat
488 2050 621 2090 glutino.
977 2052 1044 2084 Nos
1072 2051 1247 2085 transferat
1273 2053 1315 2085 ad
1343 2061 1494 2094 superna,

290 2100 467 2130 veneretur
976 2100 1039 2133 Ubi
1066 2109 1123 2132 nos
1149 2105 1277 2133 serenet
1294 2101 1349 2133 lux
1369 2104 1512 2134 aeterna.

271 2194 405 2221 Cantion.
428 2202 479 2219 ms.
502 2193 581 2220 Petri
604 2193 638 2220 de
659 2192 782 2220 Medicis
805 2192 974 2228 (Gallicum)
998 2204 1074 2223 saec.
1098 2195 1140 2222 13.
1177 2196 1247 2224 Cod.
1262 2197 1454 2224 Laurentian.
1469 2197 1514 2224 Pl.

194 2230 240 2259 29.
266 2231 290 2258 1.
311 2233 344 2258 A.
367 2245 404 2251 -·-
425 2232 551 2263 Flacius,
574 2231 623 2258 Nr.
647 2231 706 2259 CX.
729 2233 760 2258 B.
783 2248 817 2251 —
842 2231 873 2259 11
899 2234 977 2260 vitae
1000 2236 1067 2261 viae
1090 2237 1123 2261 A.
1145 2250 1183 2253 —
1207 2233 1240 2262 13
1261 2235 1400 2262 transfert
1422 2235 1446 2261 B
1477 2251 1513 2255 —

196 2269 231 2298 14
246 2274 361 2297 serenat
372 2271 405 2298 B.
422 2285 456 2288 —
469 2269 611 2297 Sichtlich
623 2271 737 2305 Tropus
750 2271 821 2298 iiber
832 2271 887 2299 den
899 2271 1009 2299 Versus
1022 2273 1244 2301 ,alleluiaticum
1263 2274 1396 2307 „Laeta
1407 2273 1514 2300 bitur

194 2311 315 2336 iustus
337 2310 371 2336 in
394 2309 548 2335 Domino
570 2311 603 2334 et
624 2309 795 2344 sperabit
818 2311 853 2336 in
874 2319 928 2343 eo,
950 2314 983 2338 et
1005 2311 1260 2339 laudabuntur
1281 2319 1405 2339 omnes
1419 2312 1514 2338 recti

193 2347 279 2375 cord
290 2347 331 2374 e.“
355 2361 390 2366 -
411 2347 454 2374 Zu
477 2347 690 2381 „Laetet11r“
714 2350 748 2374 st.
775 2348 982 2382 „Laetabitur“
1005 2351 1054 2377 cfr.
1077 2351 1116 2376 im
1132 2351 1246 2386 Tropus
1263 2347 1434 2384 „Ecclesiae
1454 2357 1513 2376 vox

191 2384 298 2452 godi&
319 2386 381 2420 (Nr.
403 2383 472 2420 500)
493 2385 548 2413 den
563 2386 740 2413 Coniunctiv
763 2385 939 2422 „germinet“
963 2397 992 2415 u.
1016 2387 1153 2423 „floreat“
1176 2391 1262 2416 statt:
1283 2386 1462 2423 germinabit
1483 2396 1512 2414 u.

214 2425 316 2452 orebit.
