1653 2689
92 78 383 117 †‘¹'³¹³“21?„5”?'};T⁶”·'1
706 113 752 118 -.
802 94 871 130 245
924 116 966 120 -

177 194 238 228 4³.
273 191 400 229 Felices
424 191 458 224 in
481 191 594 233 gloria,
869 191 932 227 4b.
966 192 1049 224 Nam
1075 193 1202 225 illorum
1229 194 1337 233 capita

271 239 350 273 solis
374 239 417 272 ad
441 239 546 272 instar
568 242 739 282 potentes3
963 240 1094 273 illorum
1120 251 1177 273 rex
1201 241 1386 275 illustrabit.

177 309 238 342 5a.
270 306 336 342 Ubi
359 311 536 347 martyrum
564 305 679 350 [turba]
869 306 931 341 5b.
967 307 1133 340 Glorificat
1161 308 1276 340 trinam

271 355 478 396 splendidam
965 356 1144 390 essentiam.

175 423 236 458 ea.
273 423 309 463 Ο,
337 431 431 462 quam
457 421 550 454 beata
577 423 727 462 dogmata
864 421 928 456 6b.
962 423 1025 455 Ubi
1052 423 1114 454 iam
1143 423 1267 455 bonitas
1293 424 1368 455 tua!

269 474 451 503 sanctorum
476 469 666 502 iubilamina
960 471 1152 503 Intercessio
1176 476 1351 511 martyrum

269 521 394 558 sonant,
962 528 1018 550 nos
1045 519 1200 558 perducat

664 576 694 610 7.
735 575 779 608 In
805 578 985 610 aeternum,

252 661 340 696 Trop.
363 670 414 688 ms.
436 660 628 688 Martialense
649 668 726 687 saec.
750 658 793 687 10.
834 661 905 688 Cod.
926 660 1052 687 Parisin.
1078 658 1160 688 1034.
1182 675 1219 679 a—
1242 659 1272 693 1,
1298 659 1310 688 1
1334 660 1377 687 Ad
1398 665 1435 687 te.
1458 674 1493 679 —

177 697 201 731 l,
222 698 241 727 3
261 700 323 727 illa.
347 714 380 717 —
406 699 432 732 1,
451 697 470 725 4
492 700 678 732 repromissa.
692 713 728 717 —
747 697 770 730 l,
794 697 826 725 ll
852 699 1021 726 illustrabit.
1035 713 1073 718 —-
1087 698 1140 727 4a,
1163 697 1180 726 2
1202 699 1273 725 solis
1295 703 1333 726 at.
1349 713 1384 716 —
1401 697 1454 730 41),
1479 698 1491 725 1

172 740 268 773 caput.
290 751 325 757 -
348 736 408 769 5b,
437 737 449 764 1
473 746 515 773 sq.
538 738 616 764 trina
637 739 774 764 essentia.
797 752 833 755 —
855 737 911 764 Str.
933 736 992 769 4a,
1021 736 1064 764 41>
1086 738 1145 764 und
1165 737 1208 764 51)
1230 738 1295 764 sind
1318 739 1347 764 in
1369 737 1419 764 der
1440 738 1492 764 Hs.

171 776 256 803 nieht.
274 775 366 804 dux-eh
386 776 528 803 Initialen
550 776 594 803 als
615 775 762 811 Strophen
782 775 962 803 bezeielmet.
983 791 1017 794 —
1039 776 1133 803 Titel:
1165 776 1272 808 „Px-osa
1293 776 1326 803 de
1349 775 1492 803 Alleluia:

172 814 405 842 Iudicabunt
432 816 553 841 sancti
580 812 629 850 [et
656 813 972 846 dominabuntur,
1000 818 1033 841 et
1059 815 1229 849 reguabit
1258 814 1410 841 illorum
1431 823 1492 842 rex

172 853 209 880 in
236 850 471 889 aeternum]“.
492 867 528 870 —
549 853 610 880 Vor
631 852 687 879 Str.
708 850 766 879 2a:
790 852 899 886 „Prosa
919 852 953 879 de
975 850 1089 880 versu&

602 963 671 994 476.
703 965 740 994 111
763 965 874 994 sancti
895 965 1060 995 Andreae.

578 1043 704 1076 Dilexit
729 1043 899 1076 Andream
925 1044 1089 1075 Dominus

173 1112 233 1143 la.
268 1111 312 1142 In
339 1110 509 1142 dulcedine
535 1111 654 1142 amoris
867 1109 925 1142 lb.
963 1111 1102 1148 Quorum
1130 1119 1209 1141 unus
1236 1109 1295 1141 fuit
1323 1111 1445 1152 Petrus,

268 1158 492 1198 redemptoris,
521 1159 664 1190 vocantis
958 1158 1011 1197 qui
1038 1156 1099 1189 fuit
1125 1159 1268 1196 piscator
1295 1158 1404 1198 bonus,

270 1207 349 1239 duos
376 1205 493 1238 fratres
521 1207 561 1238 de
585 1206 670 1246 navi,
957 1210 1051 1245 atque
1078 1204 1180 1236 frater
1205 1206 1363 1239 Andreas,

171 1274 236 1306 2a.
272 1274 357 1313 Quos
383 1273 538 1305 Dominus
566 1277 744 1314 vocaverat,
863 1273 924 1305 2b.
958 1272 1017 1311 Qui
1044 1270 1170 1304 fuerant
1196 1273 1296 1304 secuti
1323 1283 1353 1304 ου

634 1340 665 1371 3.
704 1340 829 1372 -dorem
853 1339 1037 1372 suavitatis.

245 1427 333 1460 Trop.
354 1434 407 1453 ms.
425 1426 647 1453 Nonantulense
669 1433 744 1452 saec.
768 1423 810 1451 ll.
845 1424 914 1451 Cod.
930 1425 1092 1451 Bononien.
1114 1422 1198 1451 2824.
1220 1425 1254 1450 A.
1275 1439 1312 1444 —-
1327 1426 1415 1460 Trop.
1438 1434 1489 1452 ms.

169 1463 394 1492 Nonantulense
415 1472 491 1491 saec.
516 1463 559 1490 11.
594 1463 664 1491 Cod.
686 1465 810 1490 Roman.
833 1462 1007 1490 Casanaten.
1032 1461 1100 1489 1741
1125 1464 1158 1492 (C
1176 1463 1218 1490 IV
1239 1461 1274 1496 2).
1290 1464 1321 1489 B.
1346 1478 1378 1481 —-
1401 1463 1488 1499 Trop.

168 1511 221 1530 ms.
244 1502 274 1530 S.
297 1502 449 1530 Benedicti
470 1502 626 1529 Mantuani
649 1510 723 1528 saec.
750 1499 792 1528 11.
829 1501 898 1528 Cod.
921 1502 1015 1536 Capit.
1039 1501 1183 1528 Veronen.
1205 1501 1286 1528 CVII
1305 1499 1390 1532 (100).
1407 1501 1437 1528 C.
1454 1517 1488 1520 —

168 1540 251 1568 Auch
273 1541 320 1568 die
340 1541 468 1568 Melodie
493 1541 571 1576 zeigt
590 1541 647 1567 den
667 1540 802 1575 gleichen
822 1540 1040 1575 vollstiindigen
1055 1539 1276 1566 Parallelismus
1300 1541 1330 1566 iu
1352 1539 1408 1566 den
1429 1545 1489 1567 ent-

167 1579 368 1615 spreehenden
397 1578 629 1615 Halbstrophen.
651 1595 686 1598 -—
711 1577 769 1611 lb,
796 1576 813 1604 2
842 1578 893 1605 hat
922 1579 952 1604 in
978 1578 1053 1605 Text
1078 1578 1136 1605 und
1163 1577 1291 1605 Melodie
1319 1580 1384 1606 eine
1407 1578 1488 1606 Silbe

166 1617 263 1652 (Note)
282 1613 473 1646 Ubersehuss.
496 1632 532 1635 —
554 1617 620 1653 Vgl.
642 1616 689 1644 die
710 1616 844 1652 folgende
867 1618 1015 1644 Nummer.

242 1657 302 1684 Der
322 1655 398 1683 Text
418 1656 469 1684 des
491 1656 600 1683 Versus
622 1655 842 1682 Alleluiaticus:
867 1655 1025 1690 „Dilexit
1049 1655 1230 1682 Andream
1252 1655 1430 1682 Dominus
1453 1657 1487 1682 in

165 1694 310 1722 odorem
337 1693 576 1722 suavitatis“.

599 1787 668 1818 477.
700 1789 738 1818 In
760 1788 871 1818 sancti
892 1788 1058 1818 Andreae.

562 1867 688 1901 Dilexit
712 1868 883 1900 Andream
908 1868 1086 1905 Dominus,

163 1937 222 1971 la.
258 1935 318 1976 Qui
343 1936 434 1975 prius
856 1935 917 1969 lb.
952 1935 1014 1967 Sed
1043 1935 1159 1967 dehinc

258 1983 446 2024 fluctivagas
473 1987 618 2017 catervas
952 1985 1089 2024 populos
1115 1983 1302 2016 oberrantes

257 2032 394 2074 piscium
421 2032 482 2064 reti
950 2032 1026 2064 fidei
1054 2031 1146 2064 hamo

258 2080 344 2122 cepit
369 2081 513 2113 sociante
537 2089 699 2122 germano,
949 2081 1127 2112 sociaverat
1154 2080 1304 2121 spiritali.

160 2150 221 2183 2a.
256 2148 385 2182 Gaudet
409 2148 558 2181 Andreas
593 2150 626 2181 in
652 2148 792 2190 Christo,
855 2148 916 2181 2b.
950 2149 1049 2188 Quem
1075 2152 1160 2179 amat
1186 2147 1322 2180 Messias
1351 2148 1383 2179 in
1411 2159 1443 2177 0-

622 2217 653 2248 3.
692 2216 819 2248 -dorem
843 2215 1026 2248 suavitatis.

234 2294 323 2330 Trop.
354 2301 408 2320 ms.
438 2293 677 2320 Emmeramense
708 2292 779 2320 anni
815 2289 973 2319 1024-36.
1022 2292 1094 2319 Clm.
1125 2291 1280 2319 Monaeen.
1316 2288 1420 2319 14322.
1460 2308 1483 2311 -

161 2330 208 2366 la,
231 2330 250 2360 3
270 2335 340 2360 rete.
362 2346 400 2350 --
423 2330 473 2363 lh,
497 2329 512 2358 1
541 2331 599 2359 Sed
620 2330 700 2358 fehlt.
715 2345 753 2350 —-
767 2330 850 2357 Naeh
866 2331 923 2358 Str.
949 2329 996 2363 la,
1021 2329 1070 2362 lb,
1092 2330 1151 2357 und
1173 2328 1213 2358 2³
1236 2329 1312 2357 steht
1333 2331 1381 2357 eiu
1404 2330 1482 2357 reich

158 2372 336 2399 neumiertes
366 2376 386 2399 0
413 2369 638 2405 (entsprechend
663 2369 729 2397 dem
752 2368 941 2405 „odo-rem“).
965 2384 1001 2388 —
1023 2368 1167 2397 Sichtlich
1189 2368 1319 2405 gleicher
1340 2370 1403 2396 Bau
1425 2369 1483 2396 und

156 2409 295 2443 Melodie‚
317 2409 371 2436 wie
393 2409 470 2437 heim
491 2408 607 2445 Tropus
628 2407 680 2435 Nr.
700 2407 766 2436 476.
