1653 2689
118 86 123 93 ι
156 82 226 102 κ-τεῇι
238 83 246 97 j
261 82 323 101 Ἑρ-

672 96 931 132 -147-

260 195 294 228 2.
317 191 477 226 Hostibus
503 192 606 226 allisis
631 194 806 234 mundique
829 194 976 235 principe
1002 196 1098 236 victo,

386 239 413 268 et
432 239 468 266 tu
488 237 524 267 de
545 238 625 268 caelo
646 239 799 269 eaeawdisti
824 247 884 275 eos,

261 280 294 313 3.
321 279 367 312 Ut
392 278 453 311 tibi
480 279 632 312 dulciflue
657 281 798 320 psallant
825 281 998 314 recinendo
1024 291 1084 322 per
1109 291 1242 316 aevum:

389 323 534 359 Alleluia,
556 325 700 355 Alleluia.

215 403 303 440 Trop.
329 412 383 430 ms.
403 403 597 431 Martialense
624 412 699 431 saec.
731 401 773 431 lO.
816 403 884 431 Cod.
907 405 1034 432 Parisin.
1066 402 1147 432 1084.
1168 406 1203 433 A.
1232 421 1269 425 —
1293 406 1380 442 Trop.
1411 416 1461 434 1115.

138 441 330 470 Martialense
358 449 435 468 saec.
466 439 509 469 10.
535 451 580 469 ex.
621 442 691 470 Cod.
714 443 842 470 Parisin.
866 441 947 470 1118.
969 444 1003 470 B.
1026 460 1062 463 —
1085 443 1173 479 Trop.
1195 453 1247 471 ms.
1269 445 1461 472 Martialense

140 488 216 508 saec.
247 479 290 507 11.
323 481 362 513 in.
410 479 481 506 Cod.
507 481 632 508 Par-isin.
664 479 748 508 1121.
776 481 807 508 C.
833 496 870 500 —
897 481 984 517 Trop.
1014 492 1065 509 ms.
1092 482 1283 510 Martialense
1312 492 1387 510 saec.
1420 482 1462 510 11.

139 519 209 547 Cod.
230 518 356 546 Par-isin.
385 515 450 546 909.
479 519 515 545 D.
543 533 580 537 -
608 520 697 555 Trop.
724 527 777 546 ms.
799 519 829 546 S.
850 519 973 546 Martini
993 520 1215 548 Lemovicensis
1244 530 1319 548 saec.
1354 520 1395 548 11.
1422 523 1460 548 in.

139 557 209 586 Cod.
236 557 364 584 Parisin.
397 553 479 583 1120.
506 556 542 583 Ε.
568 573 607 577 -
633 557 721 593 Trop.
750 566 801 583 [ηε.
829 560 858 585 δ.
882 559 1040 593 Augustini
1062 560 1284 587 Lemovicensis
1312 568 1386 587 saec.
1419 558 1461 587 11.

140 594 210 624 eod.
230 595 358 623 Parisin.
391 592 472 622 1119.
496 596 528 622 F.
551 611 586 615 —
611 594 623 622 1
647 604 770 632 corpora
791 599 893 623 sancta
915 597 947 623 B.
970 613 1005 616 —
1026 596 1044 625 3
1065 596 1204 625 dulcifluo
1228 599 1271 631 D,
1300 599 1408 634 psallat
1429 598 1463 625 A.

502 725 572 757 341.
604 727 642 756 In
665 736 711 758 ss.
735 727 885 765 Philippi
908 729 943 757 et
965 728 1096 759 Iacobi.

261 817 293 850 1.
318 815 460 856 Cumque
487 816 724 856 triumpharent
749 817 846 848 nimio
874 818 1048 849 certamine
1074 818 1188 857 sancti,

318 864 462 897 Protecti
490 873 603 904 parma
628 863 704 896 fidei
730 865 884 905 galeaque
910 865 1032 897 salubri

387 908 648 938 Exclamavemmt
669 909 709 938 ad
729 913 765 944 te,
787 909 929 944 Domine,

261 951 293 985 2.
320 951 380 992 Qui
406 951 528 990 pietate
553 951 616 982 tuis
643 960 770 991 semper
796 960 984 983 succurrere
1010 951 1115 984 noscis

387 997 420 1024 in
441 998 570 1032 tempore
590 995 771 1033 afflictionis
793 1004 876 1030 suae,

259 1039 290 1071 3.
317 1037 451 1078 Quando
478 1040 582 1068 tortor
608 1046 661 1069 eos
687 1037 790 1069 saevis
816 1036 1003 1077 perfoderat
1027 1037 1145 1077 arruis3

385 1084 411 1112 et
432 1084 466 1109 tic
487 1082 521 1110 de
542 1081 632 1111 caelis
655 1081 810 1111 exaudisti
831 1091 888 1115 eos,

259 1125 291 1156 4.
319 1123 376 1162 Qui
405 1122 500 1154 modo
525 1124 677 1163 permixti
703 1123 828 1164 superis
854 1123 914 1155 tibi
940 1124 1052 1155 sedulo
1080 1128 1226 1155 cantant:

386 1167 533 1203 Alleluia,
555 1168 699 1197 Alleluia.

263 1210 295 1243 5.
322 1209 418 1242 Nunc
442 1209 559 1240 iterum
585 1209 688 1241 dulcis
714 1209 891 1248 repetendo
918 1210 1061 1241 carmina
1085 1209 1191 1241 laudis

385 1253 645 1283 Exclamaverunt
666 1255 707 1283 acl
733 1258 768 1288 te,
792 1254 932 1288 Domine,
956 1259 1011 1283 ete.

212 1333 300 1369 Trop.
328 1343 382 1361 ms.
410 1334 559 1369 Augiense
587 1342 663 1361 saec.
694 1333 737 1362 10.
785 1333 856 1361 Cod.
885 1334 1077 1370 Bambergen.
1107 1333 1152 1360 Ed
1179 1334 1205 1360 V
1232 1332 1258 1360 9.
1288 1348 1323 1352 —
1345 1335 1406 1361 Vor
1427 1333 1444 1360 5

139 1371 228 1406 „Post
247 1371 378 1400 Gloria“.

443 1465 474 1496 2.
507 1466 545 1495 In
566 1467 656 1496 festo
679 1465 914 1503 Reliquiarum
937 1465 1197 1496 Prumiensium.

260 1546 289 1578 1.
317 1545 497 1577 Narrantes
523 1549 578 1577 tua
604 1550 760 1586 perpetua
787 1546 947 1584 magnalia
973 1546 1054 1577 mira

386 1590 495 1620 Sancti
516 1591 570 1624 tui,
592 1590 733 1625 Domine,
754 1589 926 1618 benedicent
946 1593 981 1624 te,

258 1633 289 1665 2.
314 1633 403 1664 Ante
428 1634 516 1663 tuum
543 1632 665 1664 clarum
692 1635 897 1671 conspectum
925 1640 1052 1671 semper
1078 1634 1210 1664 ovantes

385 1676 514 1715 yloriam
535 1678 620 1714 reqm'
642 1678 687 1706 tui
708 1677 816 1706 dicent.

212 1754 302 1791 Trop.
331 1765 384 1783 ms.
406 1755 578 1783 Prumiense
603 1765 678 1783 saec.
703 1754 776 1783 10κἰι.
817 1755 887 1782 Cod.
911 1756 1037 1782 Parisin.
1060 1752 1146 1782 9448.
1190 1755 1239 1789 „Iu
1262 1756 1459 1783 sollemnitate

136 1796 315 1827 sanctorum,
336 1803 460 1830 quorum
482 1794 627 1830 reliquiae
648 1795 786 1822 Prumiae
808 1794 977 1821 reconditae
1000 1793 1214 1821 continentur.“

567 1926 636 1957 343.
670 1927 707 1957 In
729 1926 841 1958 sancti
862 1927 1027 1957 Remacli.

262 2008 294 2040 1.
321 2007 383 2046 En,
413 2007 615 2039 venerandus
641 2008 733 2039 adest
759 2007 929 2039 Remaclus
955 2007 1033 2038 orbe
1059 2005 1192 2039 subacto

313 2055 372 2095 Qui
398 2058 434 2086 ut
461 2054 581 2087 Christi
609 2056 724 2096 dignus
750 2055 888 2095 polleret
913 2060 1000 2087 sorte
1024 2054 1180 2095 minister,

311 2099 378 2140 ιΩς
404 2098 454 2143 εἴη
481 2099 586 2145 ἱερεὺς
611 2102 698 2134 κατὰ
724 2101 785 2143 τὴν
811 2100 904 2141 τάξιν
931 2099 1153 2144 ΖΙἸελχισεὸέκ,

386 2148 503 2177 Statuit
523 2148 550 2176 ei
569 2148 724 2178 Dominus
745 2151 953 2178 testamentum
971 2150 1070 2186 pacis,

256 2191 287 2223 2.
315 2189 361 2223 Ut
388 2189 498 2229 vigeat
522 2198 662 2222 summus
688 2191 771 2222 stola
798 2194 953 2222 vernante
979 2191 1152 2230 sacerdos;

385 2237 412 2264 et
427 2233 600 2272 principem
619 2235 690 2271 fecit
709 2244 776 2265 eum

256 2277 289 2311 3.
315 2276 407 2309 Inter
432 2275 586 2315 primates
613 2277 705 2317 regni
729 2277 877 2309 caelestis
903 2276 1050 2317 herilem,

385 2323 421 2350 ut
440 2320 481 2349 sit
500 2320 548 2349 illi
568 2321 734 2351 sacerdotii
753 2321 899 2359 cliynitas.

255 2364 290 2397 4.
317 2362 406 2395 Grex
434 2365 519 2401 tuus,
545 2371 564 2394 o
590 2363 753 2405 Remacle‚
779 2363 871 2406 petit,
899 2372 1076 2396 memorare
1103 2367 1229 2396 tuorum

386 2408 420 2437 in
440 2409 606 2437 aeternwm.

1227 2458 1287 2488 10*
