1653 2689
701 123 745 128 —
797 105 963 141 203—

372 192 402 215 ⁸*
454 201 512 234 21.
539 201 604 234 Pro
629 202 720 234 cuius
746 203 831 236 almo
857 204 984 236 nomine

533 249 659 283 Morior
684 249 756 284 fuso
781 253 946 293 sanguiue,

167 282 302 323 Dumim
319 291 402 328 Iesu,
425 293 547 331 succipe
567 295 714 332 spirztum
734 305 840 326 meum.

455 337 511 370 22.
537 337 698 377 Agonista
722 337 916 371 fortissimus

536 384 627 416 Tunc
653 395 712 426 pro
738 396 772 418 se
797 386 1017 427 lapidantibus

132 466 135 467 ⁷
163 474 279 512 positis
300 477 403 506 autem
421 432 711 514 ρεπίὂαξὲἳὲφῗιὲυἱι
730 487 799 509 voce
819 488 931 517 maana
953 479 1069 509 (licens.-

453 521 510 552 23.
536 519 738 552 Praenobilis
764 529 821 552 rex
847 521 978 562 gloriae

533 567 595 607 Qui
619 568 685 600 illis
715 569 763 600 vis
789 569 964 609 ignoscere,

536 615 596 654 Qui
621 620 654 648 te
679 617 789 648 volunt
816 625 874 659 cog,
867 625 1020 658 noscere,

167 656 310 724 Domsste,
330 667 368 688 ne
383 662 510 689 ,statuas
530 659 592 689 illzs
613 661 669 690 hoc
686 664 850 697 peccatum.
886 660 927 690 Εἰ
949 671 1015 691 cum
1035 662 1090 690 luc
1112 662 1244 697 dixmeet,
1266 661 1444 692 obdormivit
1459 661 1492 690 in

277 697 388 731 omino,

455 741 512 774 24.
540 739 597 772 Cui
623 741 734 772 laudes
761 742 793 773 in
821 741 918 773 iubilo

539 787 659 820 Nostra
686 789 851 828 depromat
880 789 996 822 contio.

245 871 336 907 Trop.
362 879 415 898 mS.
441 871 470 899 S.
492 873 641 900 Leonardi
664 873 884 900 Lemovieensis
912 882 987 900 saec.
1017 873 1059 901 13.
1082 874 1120 900 in.
1162 873 1232 901 Cod.
1254 873 1382 899 Parisin.
1409 870 1490 899 1086.

166 910 201 937 A.
221 924 259 928 —-
280 910 370 946 Trop.
404 919 457 937 ms.
481 911 674 938 Martialense
695 920 771 939 saec.
791 910 861 945 (ll.)
882 910 925 939 12.
946 911 1014 945 (13.)
1053 912 1123 939 Cod.
1145 912 1271 939 Parisin.
1296 909 1377 938 1139.
1400 912 1431 938 B.
1455 926 1489 929 —-

165 948 255 985 Trop.
277 951 307 975 et
325 948 408 976 Pros.
433 957 485 976 ms.
506 948 749 977 Claromontense
770 958 844 977 saec.
870 949 912 977 15.
948 950 1248 978 Cod.Clarom011ten.
1271 948 1316 976 57.
1331 950 1362 976 C.
1379 963 1412 967 —
1433 949 1457 981 1,
1472 947 1490 974 2

165 996 203 1014 ex
232 986 293 1014 alto
315 987 350 1014 A.
371 1001 408 1006 —
430 985 466 1021 2,
493 986 508 1014 1
537 987 645 1015 ebriati
672 989 704 1015 B.
724 1003 753 1006 —
783 987 816 1019 2,
843 987 862 1015 2
879 989 1036 1023 largiretur
1058 989 1090 1015 C.
1110 1003 1147 1006 —-
1169 987 1203 1020 3,
1229 986 1247 1014 2
1267 988 1379 1021 eelegio
1400 987 1433 1014 C.
1454 1001 1490 1005 —

166 1025 193 1057 5,
215 1023 234 1052 2
256 1025 387 1052 credenti
408 1026 466 1053 BC.
489 1039 527 1044 —-
548 1024 574 1058 7,
596 1024 614 1053 8
636 1035 663 1053 u.
685 1024 702 1052 9
723 1026 820 1053 fehlen
842 1026 898 1054 BC.
922 1041 954 1044 —
981 1025 1015 1054 10
1035 1026 1121 1054 corde
1142 1026 1215 1053 fehlt
1235 1026 1267 1052 B.
1290 1039 1326 1044 —-
1350 1024 1392 1056 12,
1413 1024 1431 1052 3
1451 1025 1492 1052 Ut

166 1064 204 1099 C;
233 1064 383 1092 excaecati
413 1065 517 1100 populi
544 1064 621 1092 ABC
649 1064 751 1100 (gegen
779 1064 835 1091 den
856 1064 957 1099 Reim).
977 1079 1015 1084 —
1039 1062 1072 1091 13
1099 1064 1246 1092 turbidine
1267 1064 1298 1091 C.
1320 1078 1356 1081 —
1380 1061 1491 1090 17—20

166 1102 236 1130 incl.
260 1102 300 1128 ist
320 1103 353 1129 in
373 1102 397 1130 B
419 1102 576 1134 unlesbar,
601 1103 659 1130 fast
678 1111 753 1137 ganz
775 1101 962 1137 abgesehabt.
985 1117 1019 1121 —
1042 1101 1078 1130 20
1099 1103 1171 1130 fehlt
1192 1103 1222 1129 C.
1244 1116 1280 1120 —
1302 1101 1384 1129 Naeh
1405 1100 1450 1134 23,
1475 1100 1488 1127 1

167 1141 198 1167 in
219 1141 245 1168 A
273 1140 326 1168 der
345 1140 526 1176 Episteltext
548 1141 710 1175 „Domine‚
738 1150 775 1168 ne
803 1144 917 1168 statuas
942 1141 1001 1168 illis
1031 1142 1084 1168 hoe
1109 1139 1293 1176 peccatuuffl,
1321 1139 1428 1166 darauf
1445 1137 1491 1172 23,

165 1177 183 1205 2
210 1187 239 1206 u.
265 1176 292 1206 3.
315 1193 352 1197 —
381 1176 434 1212 23,
462 1177 480 1206 2
503 1179 559 1212 Qui
588 1188 704 1214 semper
729 1180 775 1206 vis
803 1180 859 1206 BC.
882 1195 915 1198 —
938 1177 989 1208 23.
1020 1178 1038 1206 3
1058 1179 1131 1206 fehlt
1153 1179 1206 1207 BC.
1227 1193 1264 1197 —
1285 1177 1334 1215 24,
1365 1176 1377 1204 1
1400 1178 1491 1206 Cuius

165 1217 270 1245 laudes
291 1225 357 1244 cum
379 1216 411 1244 C.
434 1231 471 1236 —
487 1218 544 1245 Str.
570 1217 583 1244 1
605 1217 716 1254 gebaut
738 1219 792 1244 wie
813 1217 861 1244 die
876 1217 1118 1254 Einleitungsstr.
1140 1227 1198 1245 von
1219 1218 1270 1243 Nr.
1292 1214 1349 1243 383
1370 1225 1397 1242 u.
1418 1214 1490 1249 3863

165 1255 218 1284 dex·
238 1255 427 1291 tropierende
440 1255 518 1283 Text
537 1257 623 1283 reimt
643 1255 801 1291 durchweg
821 1257 877 1283 mit
892 1257 943 1283 der
958 1255 1153 1283 Schlusssilbe
1167 1257 1218 1282 des
1231 1254 1492 1289 vorhergehenden

164 1293 387 1330 Episteltextes.

596 1387 666 1417 411.
699 1388 737 1417 ln
757 1387 870 1418 sancti
891 1386 1066 1424 Stephani.

517 1477 547 1509 1.
574 1477 646 1517 Eia,
673 1476 765 1515 plebs
791 1476 929 1513 levitica,

572 1525 609 1556 [n
634 1524 730 1556 laude
756 1524 817 1556 Dei
843 1532 994 1565 consona,

570 1572 727 1613 Stephani
752 1581 855 1612 pange
882 1571 1010 1603 rutilam

572 1620 734 1653 Passionis
762 1620 941 1654 victoriam,

573 1669 632 1708 Qui
659 1672 830 1701 coronatus
855 1667 964 1708 lapide

571 1717 698 1749 Primus
725 1715 827 1756 fulget
853 1716 884 1747 in
911 1716 1044 1755 agmine.

167 1763 274 1793 Lectio
298 1764 430 1793 Aetuum
451 1761 667 1800 apostolorum.
709 1761 747 1789 1η
772 1761 876 1790 diebus
898 1760 960 1789 illis

517 1805 549 1837 2,
576 1805 629 1835 Ad
657 1803 741 1834 dona
767 1804 870 1834 saneti
895 1802 1027 1842 spiritus

574 1851 788 1891 Dipertienda
814 1851 960 1890 gentibus

572 1897 761 1939 Septiformi
787 1908 846 1938 pro
872 1908 1002 1930 munere

574 1947 751 1988 Elegerunt
776 1948 809 1979 iu
835 1947 948 1979 ordine

570 1995 700 2035 Septem
726 1996 812 2028 viros
839 1995 987 2035 apostoli,

569 2043 709 2083 Quorum
735 2052 815 2075 unus
842 2043 999 2075 mirabilis

166 2087 343 2155 Stephanus}
356 2086 470 2125 plenus
487 2088 592 2126 qratia
612 2091 639 2118 et
658 2088 838 2124 fortitudine
857 2088 990 2125 faciebat
1005 2086 1149 2124 procliyia
1173 2089 1198 2116 ei
1221 2087 1309 2123 siqua
1334 2096 1445 2124 magna
1461 2087 1494 2115 in

266 2134 283 2155 ο
310 2135 370 2161 uo,

238 2135 263 2164 P
285 2135 307 2164 Ρ
517 2168 550 2200 3.
577 2167 705 2199 Docens
732 2167 852 2200 Christi
878 2168 1038 2206 magnalia

571 2215 635 2247 Per
660 2216 862 2256 pervicorum
888 2216 1032 2256 agmiua;

571 2262 668 2296 Unde
691 2263 833 2296 zelantes
859 2264 989 2295 nimium

571 2310 718 2344 Levitam
745 2312 1018 2354 dissertissimum‚

573 2358 619 2392 Ut
643 2367 715 2391 eum
741 2359 812 2391 neci
837 2360 1006 2392 traderent

573 2405 646 2450 (Et)
674 2405 795 2440 Christi
821 2416 934 2440 nomen
960 2408 1194 2449 extinguerent,
