1653 2689
159 94 174 109 ·“
200 91 242 122 '⁴³
384 99 386 101 ’
693 133 740 140 -
787 112 856 148 299
908 132 951 138 -

278 212 310 244 3.
337 211 434 244 Nunc
458 211 533 252 quia
557 211 716 252 praeclari
743 218 932 242 veneramur
957 207 1040 240 festa
1065 208 1203 248 patroni,

394 256 519 286 Bonum
539 259 582 286 est
603 254 737 292 confiteri
748 254 883 284 Domino
907 255 934 282 et
949 253 1082 290 psallere
1104 254 1224 282 nomini
1244 257 1305 290 tuo,
1326 254 1479 290 aItI'ssime,

275 298 309 330 4.
337 296 468 330 Viribus
493 298 527 330 in
552 298 628 330 totis
655 295 845 328 currendum
874 298 932 334 est,
960 295 1058 327 corde
1083 303 1196 326 sereno

395 341 438 371 ad
458 340 709 372 amnuntiandum
730 349 817 370 mane
836 339 1073 369 misericordiam
1093 343 1177 368 tuam
1198 345 1250 368 ete.

277 384 309 416 5.
336 383 382 417 Ut
406 383 502 416 decus
529 387 577 414 est
602 382 737 423 palmae,
764 382 811 414 sic
836 383 936 413 iustus
963 380 1105 421 germine
1131 381 1266 421 pulchro

389 428 552 465 plantatus
574 427 607 456 in
627 425 713 456 domo
735 426 872 461 Domini,
894 427 927 454 1722
949 426 1041 454 atriis
1062 425 1169 455 domus
1190 425 1250 454 Dea*
1272 425 1376 456 nostri.

245 514 333 552 Trop.
361 523 415 543 ms-
440 514 686 551 Moguntinumff)
714 514 783 541 anni
812 512 953 541 955—62.
996 514 1064 541 Cod.
1092 515 1255 541 Londinen.
1277 514 1350 541 Add.
1374 512 1481 542 19768.

168 553 203 582 A.
223 568 262 573 -
281 553 370 590 Trop.
391 562 444 580 ms.
465 554 613 588 Augiense
637 561 712 580 saec.
737 551 780 580 10.
814 553 884 580 Cod.
900 553 1091 589 Bambergen.
1107 553 1153 580 Ed
1168 553 1201 579 V.
1224 551 1248 580 9.
1265 553 1296 579 B.
1320 568 1356 570 —
1377 551 1395 579 2
1409 552 1483 580 fehlt

165 592 200 618 B.
221 606 261 611 -—
279 592 350 619 Man
370 591 430 627 vgl.
452 591 499 619 die
518 590 758 627 vorhergehende
779 591 839 617 und
861 591 907 619 die
928 591 1064 627 folgende
1085 592 1233 619 Nummer.

505 741 574 772 558.
609 742 647 771 In
668 749 696 772 s.
721 741 882 771 Iohannis
906 741 1158 778 Evangelistae.

274 832 305 866 1.
333 831 423 872 Quod
450 831 578 863 Domini
605 840 698 862 carus
724 831 850 873 meruit,
878 831 1053 871 psallamus
1079 835 1228 863 ovanter:

395 875 503 905 Iustus
524 879 556 905 ut
573 876 682 913 palma
705 875 828 912 florzbit,

277 919 308 952 2.
337 918 478 957 Mystica
503 918 557 956 qui
583 917 695 948 summi
722 926 818 948 verax
847 919 1089 957 deprompserat
1116 918 1205 958 orbi3

396 962 475 992 sicut
495 962 611 996 cedrus,
633 971 709 998 quae
729 962 762 990 in
782 961 903 990 Libano
925 964 977 995 est,

280 1005 313 1037 3.
339 1004 436 1036 Cuius
463 1012 519 1035 nos
545 1002 644 1035 facias
671 1003 838 1044 iuvamine,
869 1004 1005 1044 Christe,
1034 1003 1150 1043 valere,

398 1047 658 1085 multiplicabitur.

276 1091 308 1123 4.
336 1090 429 1122 Nunc
455 1090 528 1128 quia
554 1089 711 1128 praecelsi
738 1097 927 1120 veneramur
954 1088 1036 1120 festa
1062 1089 1199 1127 patroni,

396 1134 519 1163 Bonum
540 1137 582 1162 est
603 1134 736 1170 confiteri
755 1133 892 1162 Domino
913 1136 939 1161 et
955 1134 1085 1170 psallere
1105 1134 1222 1161 nomini
1242 1136 1303 1169 tuo,
1326 1134 1482 1170 altissim&

279 1177 311 1209 5.
336 1175 497 1214 Carmina,
526 1176 663 1215 Christe,
690 1175 749 1206 tibi
777 1176 918 1206 canimus
945 1175 1133 1214 praedulcia
1160 1175 1254 1214 digne

394 1219 435 1248 ad
457 1219 710 1249 mmmztiandum
731 1228 817 1248 mane
839 1220 1075 1248 misericordiam
1093 1222 1175 1247 tuam
1193 1222 1218 1247 et
1233 1221 1385 1250 veritatem
1399 1224 1482 1249 tuam

415 1267 444 1286 er
464 1260 588 1288 noctem.

275 1302 306 1333 6.
336 1267 504 1332 Uthecus
531 1304 579 1330 est
604 1299 742 1339 palmae,
770 1299 815 1330 sic
841 1299 942 1331 iustus
969 1299 1111 1338 germine
1134 1299 1269 1338 pulchro

389 1345 555 1381 plantatus
578 1344 610 1372 in
632 1343 720 1373 domo
741 1344 880 1374 Domini,
907 1345 939 1371 in
960 1344 1049 1372 atrz'iS
1072 1343 1177 1372 domus
1198 1343 1258 1372 Dei
1281 1345 1386 1373 nostri.

238 1433 326 1468 Trop.
360 1441 412 1460 ms.
441 1433 649 1460 Wintoniense
678 1442 754 1460 saec.
779 1430 821 1460 10.
851 1441 894 1460 ex.
935 1432 1005 1459 Cod.
1034 1433 1177 1459 Oxouien.
1200 1432 1282 1459 Bodl.
1305 1431 1367 1459 775.
1390 1433 1424 1460 A.
1447 1447 1484 1451 α

163 1471 251 1508 Trop.
274 1480 328 1499 ms.
349 1471 556 1499 wintoniense
579 1480 655 1498 saec.
679 1469 722 1497 11.
761 1471 829 1498 Cod.
853 1471 927 1498 Coll-
951 1473 1036 1505 Corp.
1053 1471 1163 1497 Christi
1180 1472 1401 1506 Cantabrigien.
1416 1469 1482 1498 473.

163 1511 197 1537 Β.
218 1524 256 1529 -
269 1510 358 1546 Trop.
379 1518 432 1537 mS.
449 1510 656 1537 Glastoniense
677 1510 701 1541 (P
716 1509 940 1541 Cantuariense)
961 1518 1035 1536 saec.
1062 1508 1103 1535 11.
1120 1519 1163 1536 ex.
1178 1513 1217 1541 (et
1234 1508 1288 1542 12.)
1319 1510 1389 1536 Cod.
1407 1511 1481 1536 Lon-

161 1548 258 1576 dinen.
274 1548 368 1584 Calig.
389 1548 414 1574 A
429 1549 508 1576 XIV.
533 1548 563 1575 C.
586 1563 623 1566 —
637 1548 725 1583 Trop.
749 1557 800 1574 ms.
820 1548 1012 1575 Vedastinum
1035 1556 1110 1574 saec.
1136 1547 1178 1574 11.
1211 1548 1281 1575 cod.
1295 1549 1482 1576 Cameracen-

162 1585 198 1614 76
218 1585 284 1622 (75).
306 1587 342 1614 D.
364 1601 402 1606 d-
426 1587 438 1613 1
462 1589 584 1614 ovantes
604 1587 640 1613 D.
663 1601 700 1604 —
721 1585 738 1613 2
759 1586 839 1613 orbis
856 1586 885 1613 C.
908 1601 945 1604 ——
966 1584 983 1612 3
999 1587 1115 1614 Christo
1138 1587 1254 1613 valente
1270 1588 1329 1614 CD.
1352 1602 1389 1604 —
1410 1586 1427 1615 6
1442 1586 1483 1613 Ut

160 1625 249 1653 decus
270 1628 315 1652 est
334 1626 422 1662 plane
444 1627 487 1652 sic
508 1626 595 1652 iustis
619 1627 650 1652 C.

601 1759 671 1788 5751.
703 1759 741 1788 In
763 1759 875 1790 sancti
897 1758 1034 1789 Iuliani.

276 1846 306 1879 1.
331 1847 476 1887 Lumine,
503 1855 570 1888 τως,
599 1847 695 1879 rutilo
722 1849 879 1880 Iulianum
906 1847 1101 1887 clarificasti,

394 1891 546 1926 Posuisti,
569 1892 711 1928 Domine,
733 1893 764 1921 in
787 1893 886 1929 capite
909 1893 973 1921 eius
995 1902 1135 1923 eoronam
1158 1893 1193 1921 ‹Ie
1214 1893 1314 1929 lapide
1331 1893 1481 1928 pretiosm

274 1935 308 1966 2.
335 1933 478 1967 Crimina
503 1938 624 1973 nostra,
653 1934 750 1969 Deus.
777 1935 928 1975 precibus
954 1934 1057 1974 pellas
1083 1935 1221 1972 Iuliani3

392 1979 485 2008 vitam
501 1979 592 2017 petiit
612 1989 631 2008 a
653 1982 679 2008 te
699 1983 725 2008 et
746 1979 882 2009 tribuisti
903 1979 937 2009 ei.

237 2069 327 2104 Trop.
351 2076 406 2095 ms.
421 2068 454 2096 S.
470 2068 594 2095 Martini
607 2068 863 2103 Masciaeensis(·?)
877 2077 952 2097 saec.
967 2066 1043 2095 ¹⁰!n.
1068 2068 1139 2096 Cod.
1151 2069 1287 2096 Vatican.
1299 2069 1402 2103 Regin.
1416 2065 1483 2095 222.

620 2200 690 2231 0580.
723 2201 762 2231 In
783 2202 894 2232 sancti
915 2202 1014 2232 Iusti.

274 2291 305 2324 1.
332 2290 482 2323 Praemia
508 2298 568 2330 pro
593 2290 716 2322 meritis
742 2292 794 2331 qui
821 2292 940 2323 sanctis
967 2292 1064 2332 digna
1090 2291 1250 2333 rependis,

391 2334 544 2368 Possm'sti,
559 2333 702 2370 Domine,
716 2335 751 2363 in
765 2336 860 2372 capite
875 2336 938 2366 eius
955 2345 1097 2366 coronam
1114 2337 1147 2365 de
1163 2336 1264 2374 lupide
1276 2336 1410 2372 pretioso
1426 2343 1481 2367 etc.

273 2379 304 2412 2.
330 2376 425 2417 Quod
451 2376 510 2408 tibi
536 2376 761 2416 complacitum
788 2376 891 2410 fuerat
918 2380 1064 2418 iustoque
1091 2378 1272 2420 benignum,

391 2421 588 2451 Desiclerium
609 2421 731 2451 animae
751 2423 816 2452 eius
836 2423 974 2454 tribuisti
996 2424 1022 2452 ei
1043 2428 1097 2453 etc.
