1653 2689
724 120 771 126 -—
820 100 889 136 218
936 119 986 125 —
1090 142 1092 147 ,
1141 91 1641 146 “vm

616 197 666 227 21.
698 197 736 226 In
757 195 947 227 Nativitate
968 193 1118 226 Domini.

702 247 729 273 A
739 245 757 272 tl
783 243 811 273 3.
838 245 906 273 Mis
915 253 928 272 s
937 253 999 273 am.

591 317 606 348 1
633 314 757 346 Fidelis
782 313 962 354 gratuletur
985 312 1133 354 populus,

632 362 759 394 Laudes
786 361 890 393 solvat
915 359 1063 402 sedulus3

679 410 727 441 De
752 409 859 442 Maria
883 409 1026 440 nascitur

636 458 758 490 Mundo
784 457 946 497 parvulus,

592 510 610 539 5
734 506 796 538 Per
821 513 913 545 quem
939 504 1116 547 ordinatur,

734 553 917 593 Reparatur

770 601 888 632 Nostra
913 601 1017 641 salus;

679 650 741 682 Per
766 657 857 688 quem
885 648 1023 680 vincitur

678 697 720 728 Et
746 696 883 728 deicitur

567 746 609 778 10
637 745 746 776 Hostis
772 743 924 777 aemulus.

277 822 411 850 Cantion.
440 830 493 848 ms.
521 820 601 847 Petri
628 820 663 846 de
690 819 813 846 Medicis
839 817 1006 853 (Gallicum)
1036 826 1111 846 saec.
1141 816 1185 846 13.
1225 818 1296 845 Cod.
1322 819 1514 845 Laurentian.

201 862 244 888 Pl.
267 858 311 888 29.
336 859 359 887 l.
382 861 416 886 A.
438 876 473 878 —
495 859 621 892 Flacius,
642 858 693 884 Nr.
708 858 831 885 XLVII.
846 856 877 884 B.
901 871 936 874 —
957 855 974 883 5
994 856 1051 884 Per
1071 865 1155 892 quem
1170 864 1246 883 mors
1261 856 1416 893 damnassur
1428 857 1462 883 B.
1477 870 1515 874 —

201 898 219 926 6
240 900 309 926 Vita
334 901 485 934 reparatur
503 896 507 932 Ι
526 898 659 923 Donatur
680 897 713 923 B.
734 909 771 914 --
791 896 846 922 Am
868 894 984 922 Schluss
1006 896 1036 922 in
1057 896 1098 922 A:
1128 892 1407 930 „Saneti[ficatusj“.
1443 895 1514 922 Ver-

203 936 324 964 mutlich
361 938 408 964 ein
443 936 557 972 Tropus
592 944 655 962 zum
679 935 787 961 Versus
821 933 1041 960 Alleluiaticus:
1079 933 1187 968 „Dies
1222 930 1514 965 sanctificatus

201 976 336 1003 illuxit
363 975 487 1009 nubis3
519 975 647 1000 venite
676 976 807 1008 gentes
835 974 869 999 et
896 971 1051 998 adorate
1078 971 1271 998 Dominum
1299 970 1370 998 etc.“
1397 985 1434 989 —-
1456 971 1515 998 Der

201 1015 283 1041 Reim
312 1013 364 1039 auf
386 1020 407 1041 u
435 1015 493 1043 (-us
522 1012 591 1039 oder
614 1013 671 1043 -ur)
698 1010 795 1037 wiirde
822 1012 875 1045 gut
900 1018 935 1036 zu
965 1007 1202 1044 „sanctificatus“
1231 1011 1375 1038 stimmeu,
1403 1022 1439 1027 ——
1467 1007 1515 1037 Du

200 1051 285 1079 Me'ril
311 1052 366 1083 (ΙΙ,
395 1061 421 1087 p.
452 1050 505 1083 43,
533 1050 627 1080 Anm.)
653 1050 716 1084 gibt
744 1048 799 1075 den
826 1049 901 1075 Text
929 1056 986 1075 von
1012 1048 1130 1075 Flauius
1155 1049 1209 1074 mit
1233 1047 1284 1074 der
1309 1048 1417 1074 naiveu
1444 1047 1517 1074 Ein-

202 1090 329 1125 leitung3
358 1090 420 1124 „On
446 1089 481 1115 lit
512 1088 602 1115 dans
629 1096 667 1113 un
689 1089 791 1122 poeme
815 1087 970 1121 satirique‚
999 1085 1132 1121 imprime
1159 1094 1213 1121 par
1233 1085 1351 1112 Flacius
1372 1085 1519 1121 Illyricus,

201 1136 232 1154 ce
254 1136 420 1164 passage
441 1125 511 1154 etc.“
557 1126 706 1153 Demnach
728 1124 780 1151 sah
802 1125 850 1151 Du
874 1123 959 1151 Meril
981 1124 1027 1151 die
1051 1121 1104 1151 148
1124 1124 1321 1151 numerierten
1342 1124 1449 1151 Lieder
1470 1124 1517 1151 bei

200 1167 318 1193 Flauius
339 1166 383 1193 als
405 1166 463 1191 ein
483 1164 595 1200 grosses
616 1163 759 1198 Riigelied
780 1171 826 1189 an.

601 1275 669 1305 422.
701 1275 739 1305 In
762 1273 950 1305 Nativitate
971 1273 1118 1304 Domini.

202 1358 259 1389 la.
296 1356 446 1387 Visitavit
890 1353 948 1385 lb.
983 1353 1025 1384 Et
1051 1353 1176 1384 sanavit

344 1404 413 1434 Rex
439 1404 597 1434 caelorum
1029 1400 1266 1440 Languidomm

392 1450 562 1482 Hominum
589 1450 728 1481 laborem
1079 1448 1200 1480 Vulnus
1227 1453 1257 1479 et
1283 1449 1478 1488 languorem.

201 1527 262 1559 2a.
296 1527 484 1558 Incarnatus
887 1524 950 1558 2b.
982 1524 1099 1555 Matris
1124 1523 1235 1556 florem

296 1574 355 1606 Est
383 1571 436 1617 [et]
463 1578 566 1612 natus,
982 1572 1025 1603 Et
1052 1573 1198 1603 decorem

344 1622 463 1654 Contra
487 1625 624 1653 matrum
649 1629 768 1652 morem
1030 1619 1168 1652 Sei-vans
1195 1624 1227 1651 et
1251 1620 1418 1659 pudorem.

604 1699 633 1730 23.
659 1697 745 1728 Deus
771 1695 941 1728 invisibilis

660 1745 725 1776 Pro
750 1743 843 1776 nobis
868 1743 905 1775 fit
928 1743 1102 1783 passibilis.

709 1792 825 1824 Mortis
852 1791 973 1831 frangit
997 1792 1079 1823 ostia

709 1840 800 1871 Forti
827 1840 988 1880 potentia3

663 1887 768 1919 Vitam
796 1888 903 1926 donat,

659 1935 726 1967 Nos
753 1939 882 1967 coronat

706 1982 771 2015 Sua
796 1983 908 2023 gratia.

657 2031 725 2062 Rex
753 2029 881 2070 fugatur
905 2031 1032 2072 impiuS.

656 2078 728 2115 Eia,
756 2078 817 2109 Dei
842 2078 928 2110 filius

656 2127 743 2158 Mala
769 2131 878 2159 nostra
903 2127 1038 2159 sustinet

704 2174 778 2206 mali
805 2175 940 2208 nescius,

279 2260 408 2292 Dacius,
428 2260 479 2286 Nr.
501 2259 562 2287 XC.
583 2274 620 2278 —
641 2256 667 2291 3,
695 2257 712 2286 8
734 2259 790 2286 Eia
813 2269 871 2287 rex.
892 2275 929 2278 —-
951 2262 1010 2288 Der
1029 2261 1095 2288 Bau
1116 2260 1167 2288 der
1187 2263 1284 2288 ersten
1308 2258 1343 2288 12
1363 2260 1454 2288 Verse
1476 2269 1520 2287 er-

204 2299 305 2326 laubte
327 2300 391 2326 eine
413 2298 576 2334 Zerlegung
597 2299 629 2325 in
650 2298 812 2332 Strophen,
839 2299 975 2334 obgleich
995 2299 1091 2327 dieses
1112 2299 1188 2327 Lied
1207 2299 1262 2326 wie
1283 2299 1342 2326 alle
1362 2298 1520 2326 fihnlichen

204 2337 314 2365 Lieder
340 2337 436 2364 dieser
455 2337 509 2363 Art
530 2336 606 2363 wohl
634 2336 717 2364 nicht
744 2336 787 2364 als
815 2338 1033 2374 mehrstrophig
1052 2337 1178 2374 gedacht
1198 2346 1234 2365 zu
1255 2339 1319 2365 sein
1339 2337 1462 2364 scheint.
1482 2352 1521 2356 —

202 2376 254 2403 Ich
285 2379 417 2403 vermute
445 2384 500 2402 nur
527 2377 558 2402 in
579 2375 811 2403 Vorstehendem
839 2378 924 2404 einen
944 2375 1216 2412 Gradual-'rropus
1244 2375 1303 2403 und
1323 2383 1406 2410 wage
1428 2374 1520 2409 nicht,

203 2414 255 2442 ihn
279 2417 375 2443 einem
396 2415 582 2442 bestimmten
600 2413 810 2442 Gradualtexte
831 2415 1069 2443 zuzuschreiben.
