1653 2689
640 105 902 141 -173—

109 199 188 230 wohl
207 200 241 229 in
259 199 517 233 Frankreich,
543 202 604 229 und
625 209 679 229 aus
700 201 757 230 den
778 202 904 230 {iltesten
924 201 1144 229 franzsssischen
1165 201 1306 236 Quessen,
1335 201 1430 230 denen

107 240 176 277 jone
198 247 260 267 von
285 237 491 266 Deutsehland
518 239 579 267 und
604 239 712 268 Italien
739 240 817 268 nahe
843 240 960 272 stehen,
986 242 1025 268 ist
1052 239 1174 267 deshalb
1201 239 1252 267 der
1272 241 1347 268 Text
1378 248 1432 267 vor

109 277 200 308 auem
227 285 266 306 zu.
294 277 481 305 enmehmen.
526 277 549 306 C
579 278 640 306 und
663 278 687 306 F
716 279 833 306 dfirften
860 282 946 306 unter
968 278 1015 306 die
1039 279 1158 314 Gruppe
1181 279 1233 306 der
1258 278 1431 314 englischen

111 316 237 352 Quellon
256 315 449 344 einzureihen
469 317 544 343 sein.

511 437 581 468 384.
613 438 652 468 In
674 437 864 469 Nativitate
885 438 1034 469 Domini.

393 518 422 550 1.
460 517 668 550 Exsultemus
694 518 725 548 in
753 518 813 550 hac
838 518 890 550 die

520 564 638 597 Mundi
663 566 770 597 cordis
795 566 923 606 gaudio,

458 613 520 645 Dei
545 613 657 644 matris
683 614 715 644 in
740 613 865 645 Mariae

523 661 621 692 Sacro
647 662 829 701 puerperio,

458 709 550 749 Quod
576 714 773 740 monstratur
799 710 902 742 Isaiae

525 757 608 788 Divo
632 757 827 789 testimonio.

526 801 633 830 Lectio
653 802 760 830 Isaiae
778 802 943 839 prophetae

393 845 425 876 2.
464 843 688 876 Praedicantis
716 840 735 859 *
763 844 824 875 iam
851 844 1035 884 praesentia

461 891 707 930 Redemptionis
734 888 752 908 *
779 901 863 923 nova
888 892 1017 933 gaudia.

519 935 607 965 Haec
626 935 701 965 dicit
721 935 878 965 Dominus

460 979 490 1010 A
516 980 610 1017 patre
635 978 759 1017 genitus
787 974 805 993 *
832 981 907 1009 ante
933 979 1058 1010 sacula:

519 1021 648 1058 Propter
669 1022 723 1050 hoc
745 1022 815 1050 sciet

461 1063 601 1103 Spiritus
627 1064 728 1095 sancti
755 1063 859 1103 gratia

516 1108 654 1144 populus
680 1117 771 1142 mens,

461 1150 559 1190 Quem
586 1149 715 1181 visitavi
741 1151 839 1191 lesus,

518 1202 627 1222 nomen
648 1203 744 1223 „lemn

461 1235 585 1267 Ferens
612 1236 729 1267 mundo
755 1236 873 1276 gaudia

518 1281 551 1309 in
573 1280 620 1309 die
641 1280 694 1310 illa

460 1322 553 1354 Omni
579 1322 675 1361 plena
700 1322 816 1362 gaudio

462 1369 664 1402 Consonante
689 1371 807 1411 omnia,

518 1423 593 1450 qma
613 1423 663 1452 eqo
684 1423 757 1452 ipse,

389 1458 421 1490 8.
458 1455 545 1488 Fons
571 1460 602 1487 et
631 1456 720 1497 origo
746 1457 831 1497 boni,

519 1501 572 1537 qui
593 1501 736 1538 loquebar

389 1544 421 1577 9.
462 1543 498 1574 In
525 1542 657 1581 visione,

519 1595 589 1623 eece,
611 1596 717 1617 (issum

365 1630 422 1663 10.
458 1628 568 1669 Stirpe
591 1629 750 1662 Davidiea
775 1633 875 1666 ortus,

463 1677 503 1710 de
529 1677 616 1708 tribu
642 1677 733 1718 Iuda,
761 1684 874 1718 potens
903 1677 963 1708 leo.

521 1721 621 1759 Quam
641 1723 763 1759 pulc-hri

367 1764 423 1798 11.
463 1763 618 1796 Claritate
645 1763 770 1805 fulgida

520 1817 614 1846 super
635 1812 747 1838 montes

367 1851 422 1884 12.
460 1850 504 1882 Et
529 1859 638 1882 omnes
664 1851 762 1882 colles

515 1894 615 1932 pedes,

368 1938 425 1971 13.
465 1937 524 1977 Qui
551 1937 671 1970 Christi
699 1937 832 1977 vestigia
859 1940 933 1969 sunt
958 1935 1069 1975 secuti,

518 1983 740 2012 annuntiantis

366 2025 421 2059 14.
462 2025 500 2057 In
524 2023 677 2056 universa
704 2029 791 2056 terra

519 2072 545 2098 et
560 2069 772 2106 praedicantis
789 2078 897 2106 pacem

365 2111 422 2145 15.
459 2111 651 2143 Hominibus
676 2112 780 2144 bonae
807 2110 999 2143 voluntatis!

519 2156 753 2186 Annuntiwntis
775 2157 889 2185 bonum

369 2197 426 2231 16.
465 2197 578 2239 Nobis,
604 2202 763 2242 perpetua
789 2198 853 2230 frui
879 2193 988 2242 vi[ta]‚

514 2242 728 2279 praedicantis
750 2244 889 2279 salutem,

367 2284 424 2318 17.
462 2285 562 2324 Quam
588 2285 675 2318 venit
701 2285 847 2318 Christus
873 2285 974 2326 gratis
999 2284 1077 2317 dare
1103 2282 1240 2326 miseris,

519 2328 646 2360 dicentis

366 2370 422 2405 18.
461 2370 601 2404 Excelsa
625 2381 721 2406 voce:

520 2415 605 2453 Sion,

390 979 422 1354 .“¹.0³.0¹!⁸³‘.02
