1653 2689
692 107 947 143 -235—

239 202 352 231 Direct.
383 211 436 230 ms.
469 205 551 232 chori
579 204 764 232 Secoviensis
795 203 866 229 anni
895 199 977 230 1345.
1026 201 1097 231 Cod.
1119 203 1260 231 Graecen.
1288 201 1352 231 756.
1373 204 1407 231 A.
1445 219 1481 223 -—

158 241 248 270 Gran.
276 249 330 269 ms.
354 241 555 270 Altovadense
581 242 653 270 anni
676 239 758 269 1410.
799 240 868 268 Cod.
890 239 1063 268 Altovaden.
1084 239 1130 268 42.
1155 243 1187 269 B.
1208 256 1246 259 —
1266 242 1348 269 Miss.
1376 252 1428 269 ms.
1451 242 1482 269 S.

157 280 261 308 Crucis
283 287 359 307 saec.
383 277 427 307 15.
470 280 541 308 Cod.
563 280 594 308 S.
615 281 717 308 crucis
740 277 802 307 157.
824 279 856 306 C.
870 292 907 297 —-
924 277 974 311 la,
995 277 1013 305 2
1034 287 1137 314 regens
1160 282 1189 307 et
1209 288 1311 308 creans
1326 282 1364 314 (ἐς
1385 281 1483 318 dieser

156 318 232 346 Vera
251 316 306 344 hat
325 318 366 345 im
379 317 539 354 Vergleich
559 327 625 346 zum
639 317 856 344 Parauelverse
877 315 952 343 auch
973 317 1004 343 in
1024 317 1075 344 der
1089 317 1218 345 Melodie
1239 316 1256 345 3
1271 318 1374 346 Silben
1387 314 1481 347 Uber-

157 355 265 383 schuss.
289 370 324 374 —
348 355 400 388 lb.
421 354 440 383 2
460 360 526 384 tuos
547 355 594 389 (st.
615 354 692 392 pius)
705 355 738 383 B.
756 369 792 374 —
807 352 851 381 22
871 354 955 381 salva
977 355 1007 382 C.
1023 370 1059 374 -—
1074 355 1189 392 Tropus
1209 357 1281 384 iiber
1301 357 1357 384 den
1372 358 1482 384 Versus

153 394 362 422 Alleluiaticus
374 403 380 420 :

153 433 190 460 iu
198 441 212 459 s
219 436 232 460 t
239 439 257 459 ο
266 440 304 459 ru
314 432 370 459 m“.

422 395 519 428 „Vox
553 393 832 421 exsultationis
867 397 903 420 et
936 393 1079 420 salutis
1116 395 1153 421 in
1189 393 1480 422 taberna-culis

411 432 478 459 Von
504 431 614 459 diesem
640 431 733 458 Texte
759 431 838 458 steht
864 439 918 458 vor
938 431 995 458 Str.
1021 431 1077 458 la:
1107 433 1190 466 „Vox
1217 434 1423 461 exsultationis
1453 437 1481 460 et

155 468 289 504 salutis“‚
311 479 365 497 vor
379 468 435 496 Str.
460 469 516 498 lb:
539 471 588 502 „in
613 468 787 501 taberna-“3
809 469 888 496 dann
909 469 984 496 nach
1001 469 1085 504 jeder
1099 471 1316 507 Halbstrophe:
1341 471 1407 506 „a“,
1423 472 1482 499 und

153 509 230 536 nach
257 508 315 536 Str.
340 507 374 536 4:
410 509 514 542 ,sculis
546 505 717 535 iustorum“.
745 522 782 526 —-
812 507 992 535 Wesentlich
1024 508 1086 535 also
1119 510 1157 535 ist
1184 509 1235 536 der
1263 510 1382 537 Aufbau
1409 511 1483 537 iiber

155 545 494 581 „taberna-eulis“.
510 560 549 564 —
562 546 640 574 Titel
662 547 692 572 in
707 547 747 573 A:
772 546 900 577 „Versus
915 554 1003 581 super
1017 546 1147 574 Alleluia
1162 548 1226 575 Vox
1243 547 1479 581 exsultationis“‚

154 586 187 612 in
206 586 244 613 B:
268 585 321 620 „In
340 584 527 612 dedicatione
547 585 692 611 ecelesiae
707 585 744 611 ad
757 584 891 612 Missam.
924 585 1053 612 Alleluia
1067 588 1200 621 sequitur
1215 595 1281 613 cum
1296 586 1429 622 tropho‘⁴.
1446 602 1483 606 —

156 623 221 660 Vgl.
243 623 292 650 Nr.
314 621 380 654 490,
401 631 446 649 wo
467 623 519 650 der
539 623 653 658 gleiche
674 623 785 650 Versus
807 622 850 649 als
872 623 907 650 de
930 623 1084 651 Communi
1106 624 1269 659 Martyrum
1291 625 1381 652 dient.

626 726 695 756 455.
727 726 790 756 Die
813 726 1003 757 Dominica.

547 798 558 829 ]
571 824 577 830 .
605 797 716 828 Laude
742 805 881 836 voceque

607 853 686 876 cano
712 848 755 883 te,

607 902 674 930 rex,
703 893 757 932 qui
784 893 899 924 creasti
927 897 1050 934 cuncta,

607 940 721 979 maria,
747 939 856 978 solem,
883 943 981 980 astra,

606 988 712 1029 ignem
738 992 771 1019 et
795 997 920 1027 aquam,

608 1036 720 1072 lucem,
749 1035 897 1067 tenebras
909 1047 916 1075 ς

608 1092 667 1123 per
692 1092 783 1123 quem
811 1088 885 1114 sunt
911 1087 1024 1114 cuncta

609 1135 728 1170 creata,

608 1178 764 1212 Alleluia.

171 1232 202 1264 2.
229 1228 332 1268 Eripe

230 1278 262 1309 in
287 1280 318 1307 te
345 1275 495 1308 fidentem

230 1324 418 1356 clamantem

228 1376 324 1411 atque
349 1372 424 1403 iuva
448 1380 499 1402 me

170 1422 201 1453 3.
229 1419 282 1452 De
307 1418 452 1450 inimicis

228 1467 308 1500 meis
332 1466 497 1507 pessimis;

169 1518 202 1550 4.
228 1514 331 1554 Deus,
357 1523 460 1554 meus,
486 1514 540 1554 qui
566 1522 599 1545 es
627 1513 708 1556 pius,

229 1564 307 1596 meis
334 1570 417 1594 nunc
443 1562 524 1593 assis
549 1562 709 1601 precibus,

230 1616 261 1644 et
285 1610 505 1643 tribulantium
534 1609 605 1641 dira
631 1609 738 1651 caede,

229 1669 323 1701 quam
348 1659 380 1690 in
406 1667 458 1689 me
481 1659 551 1689 sine
574 1657 638 1690 fine

231 1710 399 1740 excercent
425 1705 567 1747 cottidie,

863 1229 894 1258 5.

862 1370 892 1401 6.

865 1465 894 1497 7.

862 1561 892 1591 8.

923 1225 966 1256 Et
991 1230 1129 1267 aeterne,

924 1272 1026 1304 factor
1052 1274 1194 1313 caelique
1220 1277 1337 1313 terrae,

922 1321 1028 1362 maris,
1057 1321 1205 1359 omnium,
1232 1325 1328 1361 atque

921 1368 973 1399 Ab
1000 1369 1240 1408 iwsnryentibus
1266 1370 1302 1400 in
1328 1379 1378 1400 me

923 1416 1039 1447 callide

921 1463 1058 1504 Libera,
1085 1464 1210 1502 adiuva,

922 1511 1069 1549 defende.
1099 1520 1250 1544 conseiva

921 1560 987 1601 Me,
1016 1564 1050 1591 ut
1076 1559 1117 1590 ad
1144 1564 1175 1591 te

920 1608 1045 1639 sincero
1072 1608 1168 1639 corde

921 1661 953 1686 et
979 1665 1059 1695 pura
1085 1663 1191 1688 mente

921 1705 1040 1744 possim
1066 1704 1175 1736 venire

229 1756 316 1788 Deus
342 1755 435 1794 alme,
920 1756 962 1790 te,
990 1752 1087 1794 Deus,
1115 1753 1287 1787 tribuente.

238 1831 359 1860 Collect.
380 1840 433 1859 ms.
454 1830 684 1865 Floriacense(?)
704 1839 779 1859 saec.
804 1829 847 1857 11.
883 1830 952 1858 Cod.
975 1831 1119 1858 Oxonien.
1136 1831 1218 1858 Bodl.
1243 1829 1289 1858 38.
1313 1845 1347 1850 -
1372 1830 1395 1865 l,
1417 1831 1435 1859 4
1457 1836 1485 1859 et

159 1874 247 1899 astra.
270 1884 308 1889 —
327 1869 354 1903 4,
383 1869 396 1896 l
420 1869 495 1898 alme
515 1869 559 1902 (st.
583 1878 679 1897 meus:
710 1870 760 1897 cfr.
781 1868 807 1902 4,
831 1869 866 1902 6).
888 1885 925 1889 —
946 1867 974 1903 8,
994 1868 1011 1896 5
1034 1869 1070 1896 ad
1092 1873 1127 1896 te.
1155 1885 1187 1888 ·-›
1211 1871 1385 1906 Reimprosa
1407 1872 1483 1899 ohne

159 1910 343 1945 Symmetrie.
385 1907 441 1935 cfr.
469 1908 516 1936 die
537 1909 727 1944 Anmerkung
754 1918 790 1936 zu.
813 1905 1034 1943 „Alle-voce
1056 1907 1175 1935 celsa“
1197 1909 1258 1938 (Nr.
1279 1908 1354 1941 494).
1372 1924 1408 1928 -
1423 1911 1484 1937 Der

159 1946 332 1984 liturgische
352 1949 428 1975 Text
457 1947 497 1974 ist
516 1950 602 1974 anter
622 1947 776 1983 Wahrung
795 1946 846 1974 des
867 1947 967 1974 Reims
989 1947 1019 1974 in
1040 1947 1087 1974 die
1108 1947 1296 1984 Tropierung
1317 1949 1483 1977 verwoben.

634 2050 702 2082 456.
734 2051 797 2082 nie
816 2051 1008 2082 Dominiea.

210 2124 226 2156 1
256 2121 353 2164 Deus,
381 2121 518 2154 omnium

255 2170 366 2202 Turba
390 2170 530 2210 gentium

257 2217 539 2251 circumstantium

256 2266 480 2299 Sanctuarium

207 2318 227 2350 5
303 2315 405 2347 Tuum
432 2314 548 2356 polluit

301 2363 370 2396 Nee
397 2361 563 2395 exhorruit

254 2412 380 2445 Nomen
405 2410 547 2444 Domini.

877 2220 919 2253 10

945 2122 1012 2154 Tuo
1038 2123 1158 2155 nomini

995 2171 1081 2203 Gens
1106 2171 1325 2213 improperat;

995 2218 1029 2251 Si
1055 2216 1162 2264 hi[n]c
1188 2219 1315 2253 auferat

946 2266 1060 2300 Gentis
1086 2269 1220 2307 scelera,

945 2316 1014 2348 Tua
1041 2316 1175 2349 dextera

993 2363 1117 2398 Arcum
1145 2367 1299 2405 conte-rat,

994 2413 1095 2453 Quem
1120 2413 1313 2447 tetenderat.
