1653 2689
650 98 885 133 „67-

501 219 569 251 124.
600 221 639 251 In
660 220 864 252 Ascensione
886 219 1034 250 Domini.

217 298 249 332 1.
277 298 363 331 Dum
389 300 492 340 patris
516 301 559 332 ad
586 301 731 333 dextram
759 300 862 332 victor
887 298 1117 332 conscenderet
1142 306 1253 338 agnus7

278 346 377 386 Ecce,
406 348 466 380 viri
493 348 573 380 clari
599 349 662 380 duo
688 349 765 380 almi
791 346 900 379 fantur
925 347 1079 378 alumnis:

359 390 428 421 Viri
448 391 590 428 Galilaei,
613 392 686 430 quid
707 393 906 422 admiramini
925 391 1105 428 aspicientes
1126 390 1160 418 in
1180 388 1318 418 eaelum?

218 433 252 466 2.
278 432 383 465 Iudex
408 434 570 474 adveniet,
597 437 707 474 gentes
733 439 768 466 ut
792 435 914 466 iudicet
938 442 1066 473 omnes3

357 478 606 515 quemadmodum
624 477 744 508 vidistis
765 488 831 508 enm
851 477 1057 508 ascendentem
1078 477 1111 504 ¹in
1133 475 1255 508 eaelum,

218 521 250 553 3.
278 518 404 560 Corpus
430 520 491 551 hoc
516 518 671 560 referens7
699 521 830 552 caelesti
858 521 934 552 sede
961 518 1132 558 refulgens,

356 565 400 593 ita
421 565 516 593 veniet
523 575 532 599 ,·
554 565 695 593 Alleluia.

182 643 240 670 Die
267 642 404 678 gleiehen
426 642 551 676 Quellen
579 645 633 670 wie
662 643 739 670 heim
762 642 1021 679 vor-hergehenden
1042 642 1171 677 Tropus,
1201 648 1430 676 ausgenommen

105 679 141 708 G.
167 696 205 700 —
233 678 264 713 1,
293 679 307 708 l
331 681 405 709 Cum
426 681 524 712 CEH,
550 682 646 715 Quum
669 682 706 714 F;
734 682 770 708 ad
794 681 866 708 fehlt
886 681 972 714 FH13
999 680 1210 716 quoseenderet
1231 679 1268 705 H.
1292 692 1327 696 ——
1351 677 1382 709 l,
1414 677 1432 705 2

105 719 193 746 almis
213 720 250 747 D.
272 734 308 738 —
330 718 348 746 2
371 719 531 746 adveniens
552 720 575 746 1.
596 735 633 738 —
654 717 672 746 3
694 720 807 755 Corpus
830 719 919 746 hoece
941 719 1038 745 ferens
1060 719 1099 750 A.
1120 718 1257 746 caelestis
1281 717 1352 744 BH.

502 851 571 882 125.
603 851 642 882 In
663 851 868 881 Aseensione
890 851 1040 881 Domini.

224 932 256 965 1.
284 931 415 963 Summa
440 931 527 962 Deus
553 931 657 962 victor
682 931 840 962 scandens
868 939 936 961 cum
965 938 1062 969 regna
1088 929 1209 967 revisit,

282 979 425 1019 Angelus
451 978 582 1010 adfatur
608 978 759 1009 mirantes
787 977 962 1017 discipulos
987 978 1052 1008 sie:

366 1023 432 1052 Viri
452 1023 592 1057 Galilaei,
614 1022 688 1059 quid
709 1022 908 1051 admiramini
929 1022 1110 1058 aspicientes
1132 1022 1166 1050 in
1188 1020 1324 1049 caelum?

223 1068 255 1099 2.
283 1065 447 1098 Adveniet
474 1064 626 1096 mundum
652 1068 727 1094 tunc.
753 1064 936 1095 examinare
962 1072 1020 1101 per
1045 1062 1159 1102 ignem,

359 1108 607 1147 quemadmodum
627 1107 746 1138 vidistis
767 1117 833 1136 eum
855 1107 1058 1137 ascendentem
1083 1107 1113 1134 in
1135 1105 1258 1140 caelum,

223 1153 255 1184 3.
282 1151 345 1191 Qui
372 1151 475 1181 crucis
501 1150 634 1181 iniurias
660 1149 820 1181 tolerabat
844 1153 874 1179 et
901 1148 1074 1187 irrisiones,

359 1196 405 1225 ita
426 1195 529 1223 veniet.

187 1274 276 1310 Trop.
297 1283 351 1302 ms.
373 1273 629 1302 Reidenhemense
651 1280 726 1299 saec.
750 1271 794 1299 11.
837 1272 906 1300 Cod.
929 1271 1072 1298 Oxonien.
1095 1270 1173 1298 Seld.
1195 1280 1284 1306 supra
1303 1268 1350 1298 27.

507 1395 576 1426 126.
608 1395 648 1425 In
669 1394 873 1425 Asoensione
894 1394 1044 1425 Domini.

122 1476 180 1510 la.
207 1476 316 1509 Hodie
343 1485 517 1516 supernum
812 1473 871 1506 lb.
903 1474 1037 1506 scandit
1062 1473 1229 1506 altithroni

207 1524 321 1557 solium
903 1520 1039 1562 genitus.

123 1612 184 1644 2a.
211 1611 290 1643 Ideo
315 1610 472 1643 laudabili
808 1608 870 1641 2b.
903 1608 992 1642 Voce
1019 1617 1179 1648 canamus,
1205 1608 1271 1640 eia:

668 1683 735 1713 Viri
755 1682 894 1717 Galilaei,

122 1776 183 1808 3a.
209 1775 270 1816 Qui
297 1775 418 1808 Christi
445 1775 538 1806 huius
564 1775 662 1806 eratis
809 1773 870 1805 3b.
903 1773 996 1805 Nunc
1022 1773 1161 1805 revisere
1187 1782 1305 1813 supera

213 1823 319 1856 seduli
344 1823 495 1863 ministri,
904 1825 1126 1862 penetrantem
1151 1821 1253 1863 polos,

211 1867 288 1906 quid
307 1868 508 1898 admiramini
904 1867 1084 1903 aspicientes
1106 1867 1138 1895 in
1160 1866 1296 1896 caelum?

125 1951 186 1982 4a.
213 1949 288 1981 Iure
314 1948 419 1980 caelos
447 1947 577 1988 repetit,
812 1947 874 1980 4b.
907 1946 951 1980 Ut
976 1947 1088 1979 sedeat
1113 1957 1132 1978 a
1159 1947 1281 1979 dextris

214 1995 268 2037 qui
295 1995 335 2028 de
359 1995 438 2036 ipsis
464 1996 506 2028 ad
531 1998 634 2028 terras
652 1995 749 2028 venit.
905 1995 1023 2035 iugiter
1048 1996 1235 2035 sempiterni
1262 1995 1374 2037 patris,

213 2039 470 2080 Quemadmodum
491 2039 614 2070 vidistis
635 2049 700 2070 eum
907 2042 950 2070 ita
972 2042 1074 2075 reniet,
1096 2040 1238 2074 Alleluia,

214 2079 420 2110 ascendentem
440 2079 475 2108 in
495 2079 618 2114 caelum,
909 2079 1049 2115 Alleluia,
1070 2079 1212 2108 Alleluia.

194 2160 283 2195 Trop.
306 2167 362 2186 ms.
383 2157 537 2186 Mindense
557 2161 627 2187 anni
653 2158 735 2188 1024.
777 2159 848 2188 Cod.
871 2159 1039 2188 Berolinen.
1060 2158 1162 2186 Theol.
1186 2159 1227 2186 IV
1253 2157 1296 2185 11.
1319 2157 1352 2185 Α.

591 2283 659 2315 127.
690 2283 730 2314 In
750 2284 970 2315 Pentecoste.

235 2366 266 2399 1.
294 2363 474 2405 Discipulis
499 2362 642 2397 flammas
667 2362 840 2397 infundens
866 2364 1001 2397 caelitus
1027 2366 1128 2397 almas

371 2409 509 2446 Spiritus
529 2407 660 2439 Domini
679 2409 802 2446 replevit
821 2409 919 2440 orbem
940 2412 1103 2445 terrarum,

1227 2458 1270 2488 5*
