<?xml version="1.0" encoding="UTF-8"?>
<!DOCTYPE html PUBLIC "-//W3C//DTD XHTML 1.0 Transitional//EN"
    "http://www.w3.org/TR/xhtml1/DTD/xhtml1-transitional.dtd">
<html xmlns="http://www.w3.org/1999/xhtml" xml:lang="en" lang="en">
 <head>
  <title>
</title>
<meta http-equiv="Content-Type" content="text/html;charset=utf-8" />
  <meta name='ocr-system' content='tesseract 3.04.00' />
  <meta name='ocr-capabilities' content='ocr_page ocr_carea ocr_par ocr_line ocrx_word'/>
</head>
<body>
  <div class='ocr_page' id='page_1' title='image "./analectahymnica49drevuoft_0389.png"; bbox 0 0 1653 2689; ppageno 0'>
   <div class='ocr_carea' id='block_1_1' title="bbox 782 141 1170 178">
    <p class='ocr_par' dir='ltr' id='par_1_1' title="bbox 782 114 1170 178">
     <span class='ocr_line' id='line_1_1' title="bbox 782 141 1170 178; baseline -0.005 -12"><span class='ocrx_word' id='word_1_1' title='bbox 782 161 830 166; x_wconf 83' lang='lat'><em>-</em></span> <span class='ocrx_word' id='word_1_2' title='bbox 877 141 949 178; x_wconf 80' lang='lat'>386</span> <span class='ocrx_word' id='word_1_3' title='bbox 1000 159 1046 164; x_wconf 85' lang='lat'><em>-</em></span> <span class='ocrx_word' id='word_1_4' title='bbox 1159 153 1170 164; x_wconf 40' lang='grc' dir='ltr'><strong>Ἴ</strong></span> 
     </span>
    </p>
   </div>
   <div class='ocr_carea' id='block_1_2' title="bbox 254 217 1579 924">
    <p class='ocr_par' dir='ltr' id='par_1_2' title="bbox 254 217 1579 924">
     <span class='ocr_line' id='line_1_2' title="bbox 1527 217 1550 230; baseline 0 0"><span class='ocrx_word' id='word_1_5' title='bbox 1527 227 1529 230; x_wconf 97' lang='grc'>.</span> <span class='ocrx_word' id='word_1_6' title='bbox 1540 217 1550 230; x_wconf 66' lang='lat'>0</span> 
     </span>
     <span class='ocr_line' id='line_1_3' title="bbox 256 235 1560 274; baseline 0 -10"><span class='ocrx_word' id='word_1_7' title='bbox 256 237 452 266; x_wconf 78' lang='lat' dir='ltr'>Schlnsszeile</span> <span class='ocrx_word' id='word_1_8' title='bbox 471 237 651 274; x_wconf 77' lang='lat' dir='ltr'>abgesehabt</span> <span class='ocrx_word' id='word_1_9' title='bbox 670 240 718 266; x_wconf 73' lang='lat' dir='ltr'>ist.</span> <span class='ocrx_word' id='word_1_10' title='bbox 759 239 824 266; x_wconf 76' lang='lat' dir='ltr'>Nur</span> <span class='ocrx_word' id='word_1_11' title='bbox 842 237 975 266; x_wconf 82' lang='lat' dir='ltr'>einzelne</span> <span class='ocrx_word' id='word_1_12' title='bbox 995 236 1108 264; x_wconf 64' lang='lat' dir='ltr'>smuen</span> <span class='ocrx_word' id='word_1_13' title='bbox 1128 235 1308 264; x_wconf 67' lang='lat' dir='ltr'>achinnum</span> <span class='ocrx_word' id='word_1_14' title='bbox 1322 243 1360 264; x_wconf 74' lang='grc' dir='ltr'>σο</span> <span class='ocrx_word' id='word_1_15' title='bbox 1450 269 1469 272; x_wconf 72' lang='lat'>,.</span> <span class='ocrx_word' id='word_1_16' title='bbox 1483 258 1487 265; x_wconf 82' lang='grc'><em>.</em></span> <span class='ocrx_word' id='word_1_17' title='bbox 1501 236 1524 248; x_wconf 71' lang='lat'>‘²&#39;</span> <span class='ocrx_word' id='word_1_18' title='bbox 1546 249 1560 261; x_wconf 45' lang='grc' dir='ltr'>ιι</span> 
     </span>
     <span class='ocr_line' id='line_1_4' title="bbox 255 273 1336 310; baseline -0.002 -8"><span class='ocrx_word' id='word_1_19' title='bbox 255 275 304 302; x_wconf 87' lang='lat' dir='ltr'>die</span> <span class='ocrx_word' id='word_1_20' title='bbox 334 275 524 303; x_wconf 72' lang='lat' dir='ltr'>Buchntabeu</span> <span class='ocrx_word' id='word_1_21' title='bbox 555 277 632 304; x_wconf 85' lang='lat' dir='ltr'>noch</span> <span class='ocrx_word' id='word_1_22' title='bbox 664 277 764 304; x_wconf 78' lang='lat' dir='ltr'>lesbar</span> <span class='ocrx_word' id='word_1_23' title='bbox 796 277 872 304; x_wconf 79' lang='lat' dir='ltr'>sind.</span> <span class='ocrx_word' id='word_1_24' title='bbox 922 273 1224 310; x_wconf 36' lang='lat' dir='ltr'>wTremefactus</span> <span class='ocrx_word' id='word_1_25' title='bbox 1254 273 1336 302; x_wconf 69' lang='lat' dir='ltr'>steht</span> 
     </span>
     <span class='ocr_line' id='line_1_5' title="bbox 258 307 1576 348; baseline 0.002 -8.025"><span class='ocrx_word' id='word_1_26' title='bbox 258 313 416 348; x_wconf 82' lang='lat' dir='ltr'>„Tremens</span> <span class='ocrx_word' id='word_1_27' title='bbox 437 312 560 347; x_wconf 51' lang='lat' dir='ltr'>factust,</span> <span class='ocrx_word' id='word_1_28' title='bbox 582 315 641 342; x_wconf 83' lang='lat' dir='ltr'>und</span> <span class='ocrx_word' id='word_1_29' title='bbox 661 324 694 342; x_wconf 81' lang='lat' dir='ltr'>so</span> <span class='ocrx_word' id='word_1_30' title='bbox 717 314 786 342; x_wconf 74' lang='lat' dir='ltr'>latst</span> <span class='ocrx_word' id='word_1_31' title='bbox 805 315 870 343; x_wconf 82' lang='lat' dir='ltr'>sich</span> <span class='ocrx_word' id='word_1_32' title='bbox 889 315 941 343; x_wconf 84' lang='lat' dir='ltr'>der</span> <span class='ocrx_word' id='word_1_33' title='bbox 959 315 1036 342; x_wconf 82' lang='lat' dir='ltr'>Text</span> <span class='ocrx_word' id='word_1_34' title='bbox 1054 313 1107 341; x_wconf 87' lang='lat' dir='ltr'>der</span> <span class='ocrx_word' id='word_1_35' title='bbox 1126 316 1225 340; x_wconf 77' lang='lat' dir='ltr'>ersten</span> <span class='ocrx_word' id='word_1_36' title='bbox 1245 311 1349 340; x_wconf 79' lang='lat' dir='ltr'>Zeilen</span> <span class='ocrx_word' id='word_1_37' title='bbox 1367 312 1423 340; x_wconf 78' lang='lat' dir='ltr'>auf</span> <span class='ocrx_word' id='word_1_38' title='bbox 1437 307 1576 346; x_wconf 60' lang='lat' dir='ltr'>flffl‘flb:</span> 
     </span>
     <span class='ocr_line' id='line_1_6' title="bbox 255 347 1579 388; baseline -0.001 -9"><span class='ocrx_word' id='word_1_39' title='bbox 255 352 435 387; x_wconf 82' lang='lat' dir='ltr'>geschabten</span> <span class='ocrx_word' id='word_1_40' title='bbox 455 352 571 380; x_wconf 87' lang='lat' dir='ltr'>Folium</span> <span class='ocrx_word' id='word_1_41' title='bbox 591 353 766 386; x_wconf 82' lang='lat' dir='ltr'>divinieren‚</span> <span class='ocrx_word' id='word_1_42' title='bbox 787 353 931 381; x_wconf 75' lang='lat' dir='ltr'>nimlich:</span> <span class='ocrx_word' id='word_1_43' title='bbox 957 354 1154 387; x_wconf 78' lang='lat' dir='ltr'>„Tremens</span> <span class='ocrx_word' id='word_1_44' title='bbox 1174 352 1302 379; x_wconf 80' lang='lat' dir='ltr'>faetus</span> <span class='ocrx_word' id='word_1_45' title='bbox 1321 347 1413 386; x_wconf 82' lang='lat' dir='ltr'>[sum</span> <span class='ocrx_word' id='word_1_46' title='bbox 1433 359 1519 388; x_wconf 77' lang='lat' dir='ltr'>ego,</span> <span class='ocrx_word' id='word_1_47' title='bbox 1539 352 1579 378; x_wconf 72' lang='lat' dir='ltr'>et</span> 
     </span>
     <span class='ocr_line' id='line_1_7' title="bbox 256 385 1579 428; baseline -0.001 -11"><span class='ocrx_word' id='word_1_48' title='bbox 256 391 387 423; x_wconf 87' lang='lat' dir='ltr'>timeo,</span> <span class='ocrx_word' id='word_1_49' title='bbox 416 391 499 418; x_wconf 86' lang='lat' dir='ltr'>dum</span> <span class='ocrx_word' id='word_1_50' title='bbox 524 391 720 419; x_wconf 79' lang='lat' dir='ltr'>discussio</span> <span class='ocrx_word' id='word_1_51' title='bbox 746 393 893 420; x_wconf 81' lang='lat' dir='ltr'>venerit</span> <span class='ocrx_word' id='word_1_52' title='bbox 918 396 1029 428; x_wconf 84' lang='lat' dir='ltr'>atque</span> <span class='ocrx_word' id='word_1_53' title='bbox 1055 394 1216 418; x_wconf 83' lang='lat' dir='ltr'>ventura</span> <span class='ocrx_word' id='word_1_54' title='bbox 1241 385 1345 423; x_wconf 77' lang='lat' dir='ltr'>iral“;</span> <span class='ocrx_word' id='word_1_55' title='bbox 1376 388 1431 416; x_wconf 76' lang='lat' dir='ltr'>das</span> <span class='ocrx_word' id='word_1_56' title='bbox 1456 390 1498 417; x_wconf 74' lang='lat' dir='ltr'>ist</span> <span class='ocrx_word' id='word_1_57' title='bbox 1524 389 1579 416; x_wconf 85' lang='lat' dir='ltr'>der</span> 
     </span>
     <span class='ocr_line' id='line_1_8' title="bbox 255 426 1577 465; baseline 0 -10"><span class='ocrx_word' id='word_1_58' title='bbox 255 428 359 465; x_wconf 75' lang='lat' dir='ltr'>liturgi</span> <span class='ocrx_word' id='word_1_59' title='bbox 350 429 437 464; x_wconf 82' lang='lat' dir='ltr'>sche,</span> <span class='ocrx_word' id='word_1_60' title='bbox 459 429 539 456; x_wconf 86' lang='lat' dir='ltr'>nicht</span> <span class='ocrx_word' id='word_1_61' title='bbox 553 429 604 457; x_wconf 85' lang='lat' dir='ltr'>der</span> <span class='ocrx_word' id='word_1_62' title='bbox 617 429 801 465; x_wconf 81' lang='lat' dir='ltr'>tropierende</span> <span class='ocrx_word' id='word_1_63' title='bbox 814 431 898 463; x_wconf 86' lang='lat' dir='ltr'>Text,</span> <span class='ocrx_word' id='word_1_64' title='bbox 920 429 1050 458; x_wconf 79' lang='lat' dir='ltr'>weshalb</span> <span class='ocrx_word' id='word_1_65' title='bbox 1063 428 1139 456; x_wconf 82' lang='lat' dir='ltr'>auch</span> <span class='ocrx_word' id='word_1_66' title='bbox 1153 437 1207 456; x_wconf 87' lang='lat' dir='ltr'>aus</span> <span class='ocrx_word' id='word_1_67' title='bbox 1221 428 1288 456; x_wconf 84' lang='lat' dir='ltr'>dem</span> <span class='ocrx_word' id='word_1_68' title='bbox 1301 427 1420 461; x_wconf 76' lang='lat' dir='ltr'>Repert-</span> <span class='ocrx_word' id='word_1_69' title='bbox 1434 426 1577 464; x_wconf 82' lang='lat' dir='ltr'>Hymnol.</span> 
     </span>
     <span class='ocr_line' id='line_1_9' title="bbox 256 465 1576 502; baseline 0 -8"><span class='ocrx_word' id='word_1_70' title='bbox 256 466 428 495; x_wconf 78' lang='lat' dir='ltr'>chevaliers</span> <span class='ocrx_word' id='word_1_71' title='bbox 457 467 510 494; x_wconf 79' lang='lat' dir='ltr'>das</span> <span class='ocrx_word' id='word_1_72' title='bbox 530 468 652 494; x_wconf 86' lang='lat' dir='ltr'>Initium</span> <span class='ocrx_word' id='word_1_73' title='bbox 681 468 960 502; x_wconf 80' lang='lat' dir='ltr'>„Tremefactus</span> <span class='ocrx_word' id='word_1_74' title='bbox 981 489 988 495; x_wconf 94' lang='lat'>.</span> <span class='ocrx_word' id='word_1_75' title='bbox 1011 489 1017 494; x_wconf 96' lang='lat'>.</span> <span class='ocrx_word' id='word_1_76' title='bbox 1039 466 1064 494; x_wconf 86' lang='lat'>.“</span> <span class='ocrx_word' id='word_1_77' title='bbox 1083 467 1146 501; x_wconf 89' lang='lat' dir='ltr'>(Nr.</span> <span class='ocrx_word' id='word_1_78' title='bbox 1167 465 1280 499; x_wconf 72' lang='lat'><strong>20543)</strong></span> <span class='ocrx_word' id='word_1_79' title='bbox 1300 474 1336 492; x_wconf 87' lang='lat' dir='ltr'>zu</span> <span class='ocrx_word' id='word_1_80' title='bbox 1358 466 1507 494; x_wconf 69' lang='lat' dir='ltr'>stt-eichen</span> <span class='ocrx_word' id='word_1_81' title='bbox 1526 468 1576 494; x_wconf 72' lang='lat' dir='ltr'>ist.</span> 
     </span>
     <span class='ocr_line' id='line_1_10' title="bbox 254 489 1576 542; baseline -0.001 -10"><span class='ocrx_word' id='word_1_82' title='bbox 254 505 357 532; x_wconf 82' lang='lat' dir='ltr'>Etwas</span> <span class='ocrx_word' id='word_1_83' title='bbox 385 508 483 542; x_wconf 86' lang='lat' dir='ltr'>spater</span> <span class='ocrx_word' id='word_1_84' title='bbox 509 505 608 542; x_wconf 82' lang='lat' dir='ltr'>folgen</span> <span class='ocrx_word' id='word_1_85' title='bbox 635 489 695 533; x_wconf 62' lang='lat' dir='ltr'>die„</span> <span class='ocrx_word' id='word_1_86' title='bbox 711 507 811 534; x_wconf 84' lang='lat' dir='ltr'>Worte</span> <span class='ocrx_word' id='word_1_87' title='bbox 837 507 913 542; x_wconf 81' lang='lat' dir='ltr'>„Vix</span> <span class='ocrx_word' id='word_1_88' title='bbox 938 508 1033 534; x_wconf 71' lang='lat' dir='ltr'>iustus</span> <span class='ocrx_word' id='word_1_89' title='bbox 1061 505 1259 537; x_wconf 79' lang='lat' dir='ltr'>salvabitur“‚</span> <span class='ocrx_word' id='word_1_90' title='bbox 1287 503 1348 531; x_wconf 85' lang='lat' dir='ltr'>und</span> <span class='ocrx_word' id='word_1_91' title='bbox 1374 505 1452 532; x_wconf 81' lang='lat' dir='ltr'>nach</span> <span class='ocrx_word' id='word_1_92' title='bbox 1478 506 1576 533; x_wconf 77' lang='lat' dir='ltr'>einen</span> 
     </span>
     <span class='ocr_line' id='line_1_11' title="bbox 255 541 1576 580; baseline 0.002 -11"><span class='ocrx_word' id='word_1_93' title='bbox 255 543 376 570; x_wconf 76' lang='lat' dir='ltr'>kleinen</span> <span class='ocrx_word' id='word_1_94' title='bbox 390 544 544 572; x_wconf 82' lang='lat' dir='ltr'>Intervall:</span> <span class='ocrx_word' id='word_1_95' title='bbox 571 544 733 580; x_wconf 83' lang='lat' dir='ltr'>„Plangent</span> <span class='ocrx_word' id='word_1_96' title='bbox 753 553 784 572; x_wconf 90' lang='lat' dir='ltr'>se</span> <span class='ocrx_word' id='word_1_97' title='bbox 805 554 892 580; x_wconf 84' lang='lat' dir='ltr'>super</span> <span class='ocrx_word' id='word_1_98' title='bbox 912 554 944 573; x_wconf 83' lang='lat' dir='ltr'>se</span> <span class='ocrx_word' id='word_1_99' title='bbox 964 553 1064 572; x_wconf 86' lang='lat' dir='ltr'>omnes</span> <span class='ocrx_word' id='word_1_100' title='bbox 1086 545 1180 572; x_wconf 85' lang='lat' dir='ltr'>tribus</span> <span class='ocrx_word' id='word_1_101' title='bbox 1201 549 1304 575; x_wconf 81' lang='lat' dir='ltr'>terrae,</span> <span class='ocrx_word' id='word_1_102' title='bbox 1325 541 1409 570; x_wconf 87' lang='lat' dir='ltr'>dum</span> <span class='ocrx_word' id='word_1_103' title='bbox 1429 543 1576 571; x_wconf 79' lang='lat' dir='ltr'>veneris</span> 
     </span>
     <span class='ocr_line' id='line_1_12' title="bbox 256 581 1574 619; baseline 0 -11"><span class='ocrx_word' id='word_1_104' title='bbox 256 581 433 610; x_wconf 86' lang='lat' dir='ltr'>iudicare</span> <span class='ocrx_word' id='word_1_105' title='bbox 455 582 646 609; x_wconf 83' lang='lat' dir='ltr'>saeculum</span> <span class='ocrx_word' id='word_1_106' title='bbox 669 591 729 618; x_wconf 85' lang='lat' dir='ltr'>per</span> <span class='ocrx_word' id='word_1_107' title='bbox 749 581 909 619; x_wconf 81' lang='lat' dir='ltr'>ignem]“.</span> <span class='ocrx_word' id='word_1_108' title='bbox 952 584 1044 615; x_wconf 75' lang='lat' dir='ltr'>Ecce.</span> <span class='ocrx_word' id='word_1_109' title='bbox 1083 583 1186 610; x_wconf 83' lang='lat' dir='ltr'>breves</span> <span class='ocrx_word' id='word_1_110' title='bbox 1209 581 1335 618; x_wconf 83' lang='lat' dir='ltr'>posuisti</span> <span class='ocrx_word' id='word_1_111' title='bbox 1355 581 1418 609; x_wconf 81' lang='lat' dir='ltr'>dies</span> <span class='ocrx_word' id='word_1_112' title='bbox 1440 590 1521 610; x_wconf 73' lang='lat' dir='ltr'>meos</span> <span class='ocrx_word' id='word_1_113' title='bbox 1541 582 1574 609; x_wconf 80' lang='lat' dir='ltr'>et</span> 
     </span>
     <span class='ocr_line' id='line_1_13' title="bbox 256 620 1574 656; baseline 0.001 -11"><span class='ocrx_word' id='word_1_114' title='bbox 256 621 319 646; x_wconf 76' lang='lat' dir='ltr'>vita</span> <span class='ocrx_word' id='word_1_115' title='bbox 341 629 415 652; x_wconf 83' lang='lat' dir='ltr'>mea,</span> <span class='ocrx_word' id='word_1_116' title='bbox 436 621 521 656; x_wconf 82' lang='lat' dir='ltr'><strong>quasi</strong></span> <span class='ocrx_word' id='word_1_117' title='bbox 539 629 598 646; x_wconf 88' lang='lat' dir='ltr'>non</span> <span class='ocrx_word' id='word_1_118' title='bbox 619 622 666 654; x_wconf 71' lang='lat' dir='ltr'>sit,</span> <span class='ocrx_word' id='word_1_119' title='bbox 687 623 718 648; x_wconf 90' lang='lat' dir='ltr'>in</span> <span class='ocrx_word' id='word_1_120' title='bbox 735 625 893 656; x_wconf 67' lang='lat' dir='ltr'>conspectu</span> <span class='ocrx_word' id='word_1_121' title='bbox 916 625 985 653; x_wconf 71' lang='lat' dir='ltr'>tuot,</span> <span class='ocrx_word' id='word_1_122' title='bbox 1007 622 1106 648; x_wconf 83' lang='lat' dir='ltr'>omnia</span> <span class='ocrx_word' id='word_1_123' title='bbox 1126 621 1205 648; x_wconf 87' lang='lat' dir='ltr'>enim</span> <span class='ocrx_word' id='word_1_124' title='bbox 1219 621 1349 652; x_wconf 69' lang='lat' dir='ltr'>vanitas,</span> <span class='ocrx_word' id='word_1_125' title='bbox 1369 622 1466 648; x_wconf 87' lang='lat' dir='ltr'>omnis</span> <span class='ocrx_word' id='word_1_126' title='bbox 1486 620 1574 648; x_wconf 85' lang='lat' dir='ltr'>homo</span> 
     </span>
     <span class='ocr_line' id='line_1_14' title="bbox 256 659 1578 695; baseline 0.003 -13"><span class='ocrx_word' id='word_1_127' title='bbox 256 659 360 684; x_wconf 76' lang='lat' dir='ltr'>vivens</span> <span class='ocrx_word' id='word_1_128' title='bbox 382 663 495 685; x_wconf 84' lang='lat' dir='ltr'>tantum</span> <span class='ocrx_word' id='word_1_129' title='bbox 516 659 548 684; x_wconf 87' lang='lat' dir='ltr'>in</span> <span class='ocrx_word' id='word_1_130' title='bbox 568 660 695 695; x_wconf 79' lang='lat' dir='ltr'>imagine</span> <span class='ocrx_word' id='word_1_131' title='bbox 716 660 857 692; x_wconf 70' lang='lat' dir='ltr'>ambulat,</span> <span class='ocrx_word' id='word_1_132' title='bbox 882 665 996 688; x_wconf 82' lang='lat' dir='ltr'>tantum</span> <span class='ocrx_word' id='word_1_133' title='bbox 1016 660 1125 686; x_wconf 79' lang='lat' dir='ltr'>frustra</span> <span class='ocrx_word' id='word_1_134' title='bbox 1145 660 1346 689; x_wconf 83' lang='lat' dir='ltr'>conturbatur,</span> <span class='ocrx_word' id='word_1_135' title='bbox 1367 661 1529 695; x_wconf 80' lang='lat' dir='ltr'>congregat</span> <span class='ocrx_word' id='word_1_136' title='bbox 1548 661 1578 685; x_wconf 74' lang='lat' dir='ltr'>et</span> 
     </span>
     <span class='ocr_line' id='line_1_15' title="bbox 257 696 1576 734; baseline 0.002 -12"><span class='ocrx_word' id='word_1_137' title='bbox 257 696 381 731; x_wconf 69' lang='lat' dir='ltr'>ignorat,</span> <span class='ocrx_word' id='word_1_138' title='bbox 409 697 457 723; x_wconf 88' lang='lat' dir='ltr'>eui</span> <span class='ocrx_word' id='word_1_139' title='bbox 477 696 607 723; x_wconf 81' lang='lat' dir='ltr'>dimittat</span> <span class='ocrx_word' id='word_1_140' title='bbox 628 706 671 724; x_wconf 91' lang='lat' dir='ltr'>ea.</span> <span class='ocrx_word' id='word_1_141' title='bbox 711 698 797 725; x_wconf 87' lang='lat' dir='ltr'>Nunc</span> <span class='ocrx_word' id='word_1_142' title='bbox 819 707 897 734; x_wconf 82' lang='lat' dir='ltr'>ergo,</span> <span class='ocrx_word' id='word_1_143' title='bbox 925 699 995 734; x_wconf 87' lang='lat' dir='ltr'>quid</span> <span class='ocrx_word' id='word_1_144' title='bbox 1015 702 1161 733; x_wconf 71' lang='lat' dir='ltr'>exspecto,</span> <span class='ocrx_word' id='word_1_145' title='bbox 1189 697 1338 724; x_wconf 86' lang='lat' dir='ltr'>Domine?</span> <span class='ocrx_word' id='word_1_146' title='bbox 1378 696 1576 724; x_wconf 73' lang='lat' dir='ltr'>Ptaestolatio</span> 
     </span>
     <span class='ocr_line' id='line_1_16' title="bbox 256 734 1576 772; baseline 0.002 -12"><span class='ocrx_word' id='word_1_147' title='bbox 256 742 321 761; x_wconf 85' lang='lat' dir='ltr'>mea</span> <span class='ocrx_word' id='word_1_148' title='bbox 347 738 378 761; x_wconf 90' lang='lat' dir='ltr'>tu</span> <span class='ocrx_word' id='word_1_149' title='bbox 404 744 434 762; x_wconf 85' lang='lat' dir='ltr'>es</span> <span class='ocrx_word' id='word_1_150' title='bbox 462 735 493 761; x_wconf 91' lang='lat' dir='ltr'>in</span> <span class='ocrx_word' id='word_1_151' title='bbox 518 734 565 761; x_wconf 88' lang='lat' dir='ltr'>die</span> <span class='ocrx_word' id='word_1_152' title='bbox 586 735 654 767; x_wconf 87' lang='lat' dir='ltr'>illa,</span> <span class='ocrx_word' id='word_1_153' title='bbox 681 736 828 772; x_wconf 88' lang='lat' dir='ltr'>quando</span> <span class='ocrx_word' id='word_1_154' title='bbox 854 737 950 764; x_wconf 88' lang='lat' dir='ltr'>caeli</span> <span class='ocrx_word' id='word_1_155' title='bbox 978 736 1150 764; x_wconf 83' lang='lat' dir='ltr'>movendi</span> <span class='ocrx_word' id='word_1_156' title='bbox 1177 740 1261 763; x_wconf 85' lang='lat' dir='ltr'>sunt</span> <span class='ocrx_word' id='word_1_157' title='bbox 1287 739 1323 762; x_wconf 91' lang='lat' dir='ltr'>et</span> <span class='ocrx_word' id='word_1_158' title='bbox 1351 738 1461 762; x_wconf 80' lang='lat' dir='ltr'>terra.</span> <span class='ocrx_word' id='word_1_159' title='bbox 1481 750 1520 754; x_wconf 90' lang='lat'>·—</span> <span class='ocrx_word' id='word_1_160' title='bbox 1541 735 1576 763; x_wconf 85' lang='lat' dir='ltr'>In</span> 
     </span>
     <span class='ocr_line' id='line_1_17' title="bbox 256 771 1572 810; baseline 0.002 -12"><span class='ocrx_word' id='word_1_161' title='bbox 256 771 409 800; x_wconf 74' lang='lat' dir='ltr'>ahnlicher</span> <span class='ocrx_word' id='word_1_162' title='bbox 430 772 530 799; x_wconf 86' lang='lat' dir='ltr'>Weise</span> <span class='ocrx_word' id='word_1_163' title='bbox 550 773 664 810; x_wconf 85' lang='lat' dir='ltr'>bewegt</span> <span class='ocrx_word' id='word_1_164' title='bbox 685 773 747 801; x_wconf 86' lang='lat' dir='ltr'>sich</span> <span class='ocrx_word' id='word_1_165' title='bbox 768 774 815 801; x_wconf 89' lang='lat' dir='ltr'>die</span> <span class='ocrx_word' id='word_1_166' title='bbox 833 775 1017 810; x_wconf 84' lang='lat' dir='ltr'>Tropierung</span> <span class='ocrx_word' id='word_1_167' title='bbox 1035 783 1138 806; x_wconf 83' lang='lat' dir='ltr'>voran,</span> <span class='ocrx_word' id='word_1_168' title='bbox 1159 776 1246 801; x_wconf 74' lang='lat' dir='ltr'>meist</span> <span class='ocrx_word' id='word_1_169' title='bbox 1266 775 1329 801; x_wconf 87' lang='lat' dir='ltr'>rein</span> <span class='ocrx_word' id='word_1_170' title='bbox 1350 773 1513 808; x_wconf 80' lang='lat' dir='ltr'>prosaiseh,</span> <span class='ocrx_word' id='word_1_171' title='bbox 1534 773 1572 801; x_wconf 83' lang='lat' dir='ltr'>ab</span> 
     </span>
     <span class='ocr_line' id='line_1_18' title="bbox 255 810 1575 848; baseline 0.002 -12"><span class='ocrx_word' id='word_1_172' title='bbox 255 810 315 836; x_wconf 87' lang='lat' dir='ltr'>und</span> <span class='ocrx_word' id='word_1_173' title='bbox 336 820 372 838; x_wconf 89' lang='lat' dir='ltr'>zu</span> <span class='ocrx_word' id='word_1_174' title='bbox 392 813 447 838; x_wconf 87' lang='lat' dir='ltr'>mit</span> <span class='ocrx_word' id='word_1_175' title='bbox 466 811 614 838; x_wconf 69' lang='lat' dir='ltr'>Ansfitzen</span> <span class='ocrx_word' id='word_1_176' title='bbox 634 821 700 839; x_wconf 88' lang='lat' dir='ltr'>zum</span> <span class='ocrx_word' id='word_1_177' title='bbox 721 812 812 839; x_wconf 73' lang='lat' dir='ltr'>Reim.</span> <span class='ocrx_word' id='word_1_178' title='bbox 854 813 896 839; x_wconf 93' lang='lat' dir='ltr'>Zu</span> <span class='ocrx_word' id='word_1_179' title='bbox 917 813 1053 840; x_wconf 83' lang='lat' dir='ltr'>letzterer</span> <span class='ocrx_word' id='word_1_180' title='bbox 1072 813 1126 839; x_wconf 81' lang='lat' dir='ltr'>Art</span> <span class='ocrx_word' id='word_1_181' title='bbox 1145 812 1251 847; x_wconf 71' lang='lat' dir='ltr'>gehon</span> <span class='ocrx_word' id='word_1_182' title='bbox 1269 811 1317 839; x_wconf 84' lang='lat' dir='ltr'>die</span> <span class='ocrx_word' id='word_1_183' title='bbox 1342 811 1469 848; x_wconf 85' lang='lat' dir='ltr'>Strophe</span> <span class='ocrx_word' id='word_1_184' title='bbox 1491 813 1575 847; x_wconf 80' lang='lat' dir='ltr'>„·Ar</span> 
     </span>
     <span class='ocr_line' id='line_1_19' title="bbox 256 847 1574 886; baseline 0.002 -11"><span class='ocrx_word' id='word_1_185' title='bbox 256 847 390 876; x_wconf 79' lang='lat' dir='ltr'>dentes</span> <span class='ocrx_word' id='word_1_186' title='bbox 411 849 579 876; x_wconf 78' lang='lat' dir='ltr'>animae“</span> <span class='ocrx_word' id='word_1_187' title='bbox 602 853 665 880; x_wconf 59' lang='lat' dir='ltr'>etc„</span> <span class='ocrx_word' id='word_1_188' title='bbox 686 851 738 878; x_wconf 87' lang='lat' dir='ltr'>der</span> <span class='ocrx_word' id='word_1_189' title='bbox 759 852 812 877; x_wconf 85' lang='lat' dir='ltr'>wir</span> <span class='ocrx_word' id='word_1_190' title='bbox 831 851 907 878; x_wconf 89' lang='lat' dir='ltr'>oben</span> <span class='ocrx_word' id='word_1_191' title='bbox 927 851 972 878; x_wconf 86' lang='lat' dir='ltr'>als</span> <span class='ocrx_word' id='word_1_192' title='bbox 994 851 1051 878; x_wconf 87' lang='lat' dir='ltr'>Str.</span> <span class='ocrx_word' id='word_1_193' title='bbox 1072 848 1091 877; x_wconf 87' lang='lat'><strong>3</strong></span> <span class='ocrx_word' id='word_1_194' title='bbox 1110 851 1301 886; x_wconf 78' lang='lat' dir='ltr'>begegneten.</span> <span class='ocrx_word' id='word_1_195' title='bbox 1342 850 1409 877; x_wconf 87' lang='lat' dir='ltr'>Von</span> <span class='ocrx_word' id='word_1_196' title='bbox 1426 851 1574 878; x_wconf 75' lang='lat' dir='ltr'>Interesse</span> 
     </span>
     <span class='ocr_line' id='line_1_20' title="bbox 258 886 1368 924; baseline 0.002 -12"><span class='ocrx_word' id='word_1_197' title='bbox 258 886 324 912; x_wconf 85' lang='lat' dir='ltr'>sind</span> <span class='ocrx_word' id='word_1_198' title='bbox 345 887 392 914; x_wconf 82' lang='lat' dir='ltr'>die</span> <span class='ocrx_word' id='word_1_199' title='bbox 415 886 433 914; x_wconf 71' lang='lat'>2</span> <span class='ocrx_word' id='word_1_200' title='bbox 453 887 618 922; x_wconf 82' lang='lat' dir='ltr'>folgenden.</span> <span class='ocrx_word' id='word_1_201' title='bbox 639 890 669 915; x_wconf 90' lang='lat' dir='ltr'>in</span> <span class='ocrx_word' id='word_1_202' title='bbox 690 889 833 924; x_wconf 81' lang='lat' dir='ltr'>gleiehem</span> <span class='ocrx_word' id='word_1_203' title='bbox 855 888 1019 924; x_wconf 69' lang='lat' dir='ltr'>Rhymmus</span> <span class='ocrx_word' id='word_1_204' title='bbox 1039 889 1186 924; x_wconf 82' lang='lat' dir='ltr'>gebauten</span> <span class='ocrx_word' id='word_1_205' title='bbox 1206 887 1368 923; x_wconf 83' lang='lat' dir='ltr'>Str-ophen:</span> 
     </span>
    </p>
   </div>
   <div class='ocr_carea' id='block_1_3' title="bbox 1050 104 1652 350">
    <p class='ocr_par' dir='ltr' id='par_1_3' title="bbox 1050 104 1652 350">
     <span class='ocr_line' id='line_1_21' title="bbox 1050 104 1652 350; baseline 0 -130"><span class='ocrx_word' id='word_1_206' title='bbox 1050 104 1652 350; x_wconf 95' lang='lat' dir='ltr'>    </span> 
     </span>
    </p>
   </div>
   <div class='ocr_carea' id='block_1_4' title="bbox 295 943 1322 981">
    <p class='ocr_par' dir='ltr' id='par_1_4' title="bbox 295 943 1322 981">
     <span class='ocr_line' id='line_1_22' title="bbox 295 943 1322 981; baseline 0.002 -12"><span class='ocrx_word' id='word_1_207' title='bbox 295 943 378 970; x_wconf 89' lang='lat' dir='ltr'>Tunc</span> <span class='ocrx_word' id='word_1_208' title='bbox 399 945 530 972; x_wconf 82' lang='lat' dir='ltr'>infernus</span> <span class='ocrx_word' id='word_1_209' title='bbox 551 946 705 981; x_wconf 83' lang='lat' dir='ltr'>apparebit</span> <span class='ocrx_word' id='word_1_210' title='bbox 983 946 1156 973; x_wconf 81' lang='lat' dir='ltr'>Lacrimosa</span> <span class='ocrx_word' id='word_1_211' title='bbox 1175 945 1239 973; x_wconf 76' lang='lat' dir='ltr'>dies</span> <span class='ocrx_word' id='word_1_212' title='bbox 1260 945 1322 976; x_wconf 79' lang='lat' dir='ltr'>illa,</span> 
     </span>
    </p>
   </div>
   <div class='ocr_carea' id='block_1_5' title="bbox 294 981 1573 1132">
    <p class='ocr_par' dir='ltr' id='par_1_5' title="bbox 294 981 1407 1095">
     <span class='ocr_line' id='line_1_23' title="bbox 295 981 1384 1019; baseline 0.002 -11"><span class='ocrx_word' id='word_1_213' title='bbox 295 981 335 1008; x_wconf 90' lang='lat' dir='ltr'>Et</span> <span class='ocrx_word' id='word_1_214' title='bbox 355 982 508 1009; x_wconf 74' lang='lat' dir='ltr'>damnatos</span> <span class='ocrx_word' id='word_1_215' title='bbox 531 984 710 1015; x_wconf 82' lang='lat' dir='ltr'>absorbebit,</span> <span class='ocrx_word' id='word_1_216' title='bbox 983 984 1049 1016; x_wconf 84' lang='lat' dir='ltr'>Qua</span> <span class='ocrx_word' id='word_1_217' title='bbox 1070 987 1203 1019; x_wconf 82' lang='lat' dir='ltr'>resurget</span> <span class='ocrx_word' id='word_1_218' title='bbox 1224 983 1260 1011; x_wconf 86' lang='lat' dir='ltr'>de</span> <span class='ocrx_word' id='word_1_219' title='bbox 1280 983 1384 1010; x_wconf 78' lang='lat' dir='ltr'>favilla</span> 
     </span>
     <span class='ocr_line' id='line_1_24' title="bbox 294 1019 1374 1057; baseline 0.002 -11"><span class='ocrx_word' id='word_1_220' title='bbox 294 1019 405 1055; x_wconf 84' lang='lat' dir='ltr'>Fulgur</span> <span class='ocrx_word' id='word_1_221' title='bbox 426 1022 502 1056; x_wconf 75' lang='lat' dir='ltr'>ignis</span> <span class='ocrx_word' id='word_1_222' title='bbox 523 1025 611 1057; x_wconf 85' lang='lat' dir='ltr'>atque</span> <span class='ocrx_word' id='word_1_223' title='bbox 631 1030 744 1049; x_wconf 76' lang='lat' dir='ltr'>vermes</span> <span class='ocrx_word' id='word_1_224' title='bbox 982 1021 1161 1049; x_wconf 85' lang='lat' dir='ltr'>Iudicandus</span> <span class='ocrx_word' id='word_1_225' title='bbox 1183 1022 1270 1049; x_wconf 87' lang='lat' dir='ltr'>homo</span> <span class='ocrx_word' id='word_1_226' title='bbox 1291 1030 1374 1055; x_wconf 82' lang='lat' dir='ltr'>reus;</span> 
     </span>
     <span class='ocr_line' id='line_1_25' title="bbox 296 1057 1407 1095; baseline 0 -11"><span class='ocrx_word' id='word_1_227' title='bbox 296 1057 499 1085; x_wconf 80' lang='lat' dir='ltr'>Trucidabunt</span> <span class='ocrx_word' id='word_1_228' title='bbox 522 1064 699 1094; x_wconf 85' lang='lat' dir='ltr'>peccatores.</span> <span class='ocrx_word' id='word_1_229' title='bbox 981 1060 1027 1087; x_wconf 87' lang='lat' dir='ltr'>Tu</span> <span class='ocrx_word' id='word_1_230' title='bbox 1048 1061 1176 1095; x_wconf 72' lang='lat' dir='ltr'>peccatis</span> <span class='ocrx_word' id='word_1_231' title='bbox 1199 1068 1295 1095; x_wconf 78' lang='lat' dir='ltr'>parce.</span> <span class='ocrx_word' id='word_1_232' title='bbox 1318 1061 1407 1086; x_wconf 79' lang='lat' dir='ltr'>Deus.</span> 
     </span>
    </p>

    <p class='ocr_par' dir='ltr' id='par_1_6' title="bbox 334 1095 1573 1132">
     <span class='ocr_line' id='line_1_26' title="bbox 334 1095 1573 1132; baseline 0.002 -9"><span class='ocrx_word' id='word_1_233' title='bbox 334 1098 465 1132; x_wconf 60' lang='lat' dir='ltr'>suscipe,</span> <span class='ocrx_word' id='word_1_234' title='bbox 482 1097 616 1130; x_wconf 82' lang='lat' dir='ltr'>Domine,</span> <span class='ocrx_word' id='word_1_235' title='bbox 632 1103 686 1124; x_wconf 87' lang='lat' dir='ltr'>etc.</span> <span class='ocrx_word' id='word_1_236' title='bbox 697 1098 884 1131; x_wconf 76' lang='lat' dir='ltr'>(Prosaisch).</span> <span class='ocrx_word' id='word_1_237' title='bbox 1020 1095 1142 1124; x_wconf 74' lang='lat' dir='ltr'>Creator</span> <span class='ocrx_word' id='word_1_238' title='bbox 1155 1097 1288 1124; x_wconf 82' lang='lat' dir='ltr'>omnium</span> <span class='ocrx_word' id='word_1_239' title='bbox 1303 1101 1358 1124; x_wconf 86' lang='lat' dir='ltr'>etc.</span> <span class='ocrx_word' id='word_1_240' title='bbox 1371 1099 1437 1130; x_wconf 82' lang='lat' dir='ltr'>(wie</span> <span class='ocrx_word' id='word_1_241' title='bbox 1451 1098 1482 1126; x_wconf 87' lang='lat' dir='ltr'>S.</span> <span class='ocrx_word' id='word_1_242' title='bbox 1496 1095 1573 1132; x_wconf 82' lang='lat'><strong>385).</strong></span> 
     </span>
    </p>
   </div>
   <div class='ocr_carea' id='block_1_6' title="bbox 258 1151 1576 1268">
    <p class='ocr_par' dir='ltr' id='par_1_7' title="bbox 258 1151 1576 1268">
     <span class='ocr_line' id='line_1_27' title="bbox 332 1151 1576 1191; baseline 0.003 -12"><span class='ocrx_word' id='word_1_243' title='bbox 332 1153 466 1180; x_wconf 73' lang='lat' dir='ltr'>Letztere</span> <span class='ocrx_word' id='word_1_244' title='bbox 488 1151 614 1189; x_wconf 72' lang='lat' dir='ltr'>Strophe</span> <span class='ocrx_word' id='word_1_245' title='bbox 644 1157 682 1181; x_wconf 87' lang='lat' dir='ltr'>ist</span> <span class='ocrx_word' id='word_1_246' title='bbox 708 1164 765 1181; x_wconf 84' lang='lat' dir='ltr'>von</span> <span class='ocrx_word' id='word_1_247' title='bbox 787 1155 960 1191; x_wconf 79' lang='lat' dir='ltr'>Bedeutung</span> <span class='ocrx_word' id='word_1_248' title='bbox 983 1156 1030 1182; x_wconf 80' lang='lat' dir='ltr'>f&#39;ur</span> <span class='ocrx_word' id='word_1_249' title='bbox 1050 1155 1097 1182; x_wconf 82' lang='lat' dir='ltr'>die</span> <span class='ocrx_word' id='word_1_250' title='bbox 1118 1156 1252 1190; x_wconf 76' lang='lat' dir='ltr'>Sequenz</span> <span class='ocrx_word' id='word_1_251' title='bbox 1275 1155 1385 1189; x_wconf 86' lang='lat' dir='ltr'>„Dies</span> <span class='ocrx_word' id='word_1_252' title='bbox 1407 1154 1506 1183; x_wconf 75' lang='lat' dir='ltr'>irae¹·&#39;</span> <span class='ocrx_word' id='word_1_253' title='bbox 1538 1169 1576 1174; x_wconf 88' lang='lat'>-</span> 
     </span>
     <span class='ocr_line' id='line_1_28' title="bbox 258 1191 1575 1230; baseline 0.002 -13"><span class='ocrx_word' id='word_1_254' title='bbox 258 1191 359 1226; x_wconf 83' lang='lat' dir='ltr'>Gegen</span> <span class='ocrx_word' id='word_1_255' title='bbox 381 1191 497 1218; x_wconf 55' lang='lat' dir='ltr'>*chluss</span> <span class='ocrx_word' id='word_1_256' title='bbox 520 1192 618 1219; x_wconf 89' lang='lat' dir='ltr'>bilden</span> <span class='ocrx_word' id='word_1_257' title='bbox 642 1193 654 1219; x_wconf 90' lang='lat'>1</span> <span class='ocrx_word' id='word_1_258' title='bbox 677 1194 731 1220; x_wconf 81' lang='lat' dir='ltr'>Dis</span> <span class='ocrx_word' id='word_1_259' title='bbox 734 1192 846 1225; x_wconf 84' lang='lat' dir='ltr'>tichon</span> <span class='ocrx_word' id='word_1_260' title='bbox 876 1195 941 1220; x_wconf 90' lang='lat' dir='ltr'>eine</span> <span class='ocrx_word' id='word_1_261' title='bbox 962 1193 1087 1228; x_wconf 84' lang='lat' dir='ltr'>Strophe</span> <span class='ocrx_word' id='word_1_262' title='bbox 1108 1194 1139 1220; x_wconf 91' lang='lat' dir='ltr'>in</span> <span class='ocrx_word' id='word_1_263' title='bbox 1160 1195 1334 1230; x_wconf 82' lang='lat' dir='ltr'>Reimprosa</span> <span class='ocrx_word' id='word_1_264' title='bbox 1355 1193 1415 1220; x_wconf 84' lang='lat' dir='ltr'>und</span> <span class='ocrx_word' id='word_1_265' title='bbox 1435 1192 1453 1220; x_wconf 83' lang='lat'><em>2</em></span> <span class='ocrx_word' id='word_1_266' title='bbox 1473 1193 1575 1229; x_wconf 79' lang='lat' dir='ltr'>rhyth-</span> 
     </span>
     <span class='ocr_line' id='line_1_29' title="bbox 259 1229 1109 1268; baseline 0.004 -13"><span class='ocrx_word' id='word_1_267' title='bbox 259 1229 351 1255; x_wconf 79' lang='lat' dir='ltr'>misch</span> <span class='ocrx_word' id='word_1_268' title='bbox 372 1230 497 1265; x_wconf 77' lang='lat' dir='ltr'>gebaute</span> <span class='ocrx_word' id='word_1_269' title='bbox 519 1230 664 1266; x_wconf 83' lang='lat' dir='ltr'>Strophen</span> <span class='ocrx_word' id='word_1_270' title='bbox 685 1232 732 1258; x_wconf 83' lang='lat' dir='ltr'>die</span> <span class='ocrx_word' id='word_1_271' title='bbox 753 1232 946 1268; x_wconf 80' lang='lat' dir='ltr'>Tropierung,</span> <span class='ocrx_word' id='word_1_272' title='bbox 967 1231 1109 1258; x_wconf 72' lang='lat' dir='ltr'>namlieh:</span> 
     </span>
    </p>
   </div>
   <div class='ocr_carea' id='block_1_7' title="bbox 483 1286 1428 1516">
    <p class='ocr_par' dir='ltr' id='par_1_8' title="bbox 483 1286 1428 1516">
     <span class='ocr_line' id='line_1_30' title="bbox 484 1286 1262 1324; baseline 0.004 -11"><span class='ocrx_word' id='word_1_273' title='bbox 484 1287 561 1314; x_wconf 74' lang='lat' dir='ltr'>Pens</span> <span class='ocrx_word' id='word_1_274' title='bbox 549 1295 589 1317; x_wconf 63' lang='grc' dir='ltr'>ὃ,</span> <span class='ocrx_word' id='word_1_275' title='bbox 613 1286 757 1320; x_wconf 82' lang='lat' dir='ltr'>mortalis,</span> <span class='ocrx_word' id='word_1_276' title='bbox 781 1290 851 1324; x_wconf 90' lang='lat' dir='ltr'>quia</span> <span class='ocrx_word' id='word_1_277' title='bbox 871 1290 914 1316; x_wconf 92' lang='lat' dir='ltr'>nil</span> <span class='ocrx_word' id='word_1_278' title='bbox 936 1292 1003 1316; x_wconf 84' lang='lat' dir='ltr'>sunt</span> <span class='ocrx_word' id='word_1_279' title='bbox 1024 1289 1133 1324; x_wconf 84' lang='lat' dir='ltr'>gaudia</span> <span class='ocrx_word' id='word_1_280' title='bbox 1154 1288 1262 1322; x_wconf 85' lang='lat' dir='ltr'>carnis,</span> 
     </span>
     <span class='ocr_line' id='line_1_31' title="bbox 524 1328 1282 1363; baseline 0.005 -11"><span class='ocrx_word' id='word_1_281' title='bbox 524 1328 605 1359; x_wconf 78' lang='lat' dir='ltr'>Quae</span> <span class='ocrx_word' id='word_1_282' title='bbox 626 1328 760 1362; x_wconf 84' lang='lat' dir='ltr'>quisquis</span> <span class='ocrx_word' id='word_1_283' title='bbox 781 1329 924 1362; x_wconf 80' lang='lat' dir='ltr'>sequitur,</span> <span class='ocrx_word' id='word_1_284' title='bbox 949 1328 987 1354; x_wconf 90' lang='lat' dir='ltr'>ad</span> <span class='ocrx_word' id='word_1_285' title='bbox 1008 1328 1144 1354; x_wconf 78' lang='lat' dir='ltr'>tenebras</span> <span class='ocrx_word' id='word_1_286' title='bbox 1165 1330 1282 1363; x_wconf 86' lang='lat' dir='ltr'>rapitur</span> 
     </span>
     <span class='ocr_line' id='line_1_32' title="bbox 559 1362 1428 1400; baseline 0.003 -10"><span class='ocrx_word' id='word_1_287' title='bbox 559 1362 598 1390; x_wconf 80' lang='lat' dir='ltr'>In</span> <span class='ocrx_word' id='word_1_288' title='bbox 623 1364 671 1392; x_wconf 82' lang='lat' dir='ltr'>(lie</span> <span class='ocrx_word' id='word_1_289' title='bbox 691 1364 744 1392; x_wconf 77' lang='lat' dir='ltr'>illa</span> <span class='ocrx_word' id='word_1_290' title='bbox 766 1363 927 1397; x_wconf 68' lang='lat' dir='ltr'>tremenda,</span> <span class='ocrx_word' id='word_1_291' title='bbox 951 1362 1074 1400; x_wconf 77' lang='lat' dir='ltr'>qtmndo</span> <span class='ocrx_word' id='word_1_292' title='bbox 1095 1365 1171 1393; x_wconf 75' lang='lat' dir='ltr'>caeli</span> <span class='ocrx_word' id='word_1_293' title='bbox 1191 1374 1227 1393; x_wconf 87' lang='lat' dir='ltr'>m.</span> <span class='ocrx_word' id='word_1_294' title='bbox 1249 1373 1274 1393; x_wconf 82' lang='lat' dir='ltr'>s.</span> <span class='ocrx_word' id='word_1_295' title='bbox 1293 1367 1321 1393; x_wconf 71' lang='lat' dir='ltr'>et</span> <span class='ocrx_word' id='word_1_296' title='bbox 1340 1366 1428 1393; x_wconf 69' lang='lat' dir='ltr'>term.</span> 
     </span>
     <span class='ocr_line' id='line_1_33' title="bbox 485 1401 868 1436; baseline 0.005 -8"><span class='ocrx_word' id='word_1_297' title='bbox 485 1401 509 1428; x_wconf 92' lang='grc' dir='ltr'>Ο</span> <span class='ocrx_word' id='word_1_298' title='bbox 531 1410 617 1436; x_wconf 89' lang='lat' dir='ltr'>quam</span> <span class='ocrx_word' id='word_1_299' title='bbox 639 1403 704 1430; x_wconf 85' lang='lat' dir='ltr'>dira</span> <span class='ocrx_word' id='word_1_300' title='bbox 725 1403 868 1435; x_wconf 83' lang='lat' dir='ltr'>condicio,</span> 
     </span>
     <span class='ocr_line' id='line_1_34' title="bbox 487 1440 820 1472; baseline 0.006 -6"><span class='ocrx_word' id='word_1_301' title='bbox 487 1440 569 1472; x_wconf 84' lang='lat' dir='ltr'>Quae</span> <span class='ocrx_word' id='word_1_302' title='bbox 590 1450 624 1468; x_wconf 84' lang='lat' dir='ltr'>ex</span> <span class='ocrx_word' id='word_1_303' title='bbox 645 1442 726 1469; x_wconf 88' lang='lat' dir='ltr'>Adae</span> <span class='ocrx_word' id='word_1_304' title='bbox 746 1443 820 1468; x_wconf 73' lang='lat' dir='ltr'>vitio</span> 
     </span>
     <span class='ocr_line' id='line_1_35' title="bbox 483 1477 1346 1516; baseline 0.003 -11"><span class='ocrx_word' id='word_1_305' title='bbox 483 1477 544 1504; x_wconf 70' lang='lat' dir='ltr'>Nos</span> <span class='ocrx_word' id='word_1_306' title='bbox 565 1480 711 1514; x_wconf 83' lang='lat' dir='ltr'>perdendo</span> <span class='ocrx_word' id='word_1_307' title='bbox 733 1481 822 1506; x_wconf 82' lang='lat' dir='ltr'>traxit</span> <span class='ocrx_word' id='word_1_308' title='bbox 843 1478 885 1516; x_wconf 89' lang='lat' dir='ltr'>[a]</span> <span class='ocrx_word' id='word_1_309' title='bbox 907 1481 1067 1516; x_wconf 85' lang='lat' dir='ltr'>primordio</span> <span class='ocrx_word' id='word_1_310' title='bbox 1090 1480 1121 1508; x_wconf 79' lang='lat' dir='ltr'>in</span> <span class='ocrx_word' id='word_1_311' title='bbox 1147 1480 1195 1509; x_wconf 82' lang='lat' dir='ltr'>die</span> <span class='ocrx_word' id='word_1_312' title='bbox 1216 1480 1269 1509; x_wconf 79' lang='lat' dir='ltr'>illa</span> <span class='ocrx_word' id='word_1_313' title='bbox 1291 1486 1346 1509; x_wconf 86' lang='lat' dir='ltr'>etc.</span> 
     </span>
    </p>
   </div>
   <div class='ocr_carea' id='block_1_8' title="bbox 293 1535 1435 1760">
    <p class='ocr_par' dir='ltr' id='par_1_9' title="bbox 295 1535 1435 1614">
     <span class='ocr_line' id='line_1_36' title="bbox 295 1535 1435 1574; baseline 0.004 -14"><span class='ocrx_word' id='word_1_314' title='bbox 295 1535 430 1562; x_wconf 80' lang='lat' dir='ltr'>Pretiosa</span> <span class='ocrx_word' id='word_1_315' title='bbox 451 1544 527 1561; x_wconf 83' lang='lat' dir='ltr'>mors</span> <span class='ocrx_word' id='word_1_316' title='bbox 549 1541 715 1564; x_wconf 79' lang='lat' dir='ltr'>sanctorum</span> <span class='ocrx_word' id='word_1_317' title='bbox 982 1537 1070 1571; x_wconf 79' lang='lat' dir='ltr'>Ecce,</span> <span class='ocrx_word' id='word_1_318' title='bbox 1093 1539 1179 1565; x_wconf 78' lang='lat' dir='ltr'>vobis</span> <span class='ocrx_word' id='word_1_319' title='bbox 1199 1539 1284 1566; x_wconf 85' lang='lat' dir='ltr'>trado</span> <span class='ocrx_word' id='word_1_320' title='bbox 1305 1547 1435 1574; x_wconf 78' lang='lat' dir='ltr'>regnum.</span> 
     </span>
     <span class='ocr_line' id='line_1_37' title="bbox 334 1575 1352 1614; baseline 0.005 -15"><span class='ocrx_word' id='word_1_321' title='bbox 334 1575 363 1599; x_wconf 88' lang='lat' dir='ltr'>in</span> <span class='ocrx_word' id='word_1_322' title='bbox 385 1577 544 1608; x_wconf 78' lang='lat' dir='ltr'>conspectu</span> <span class='ocrx_word' id='word_1_323' title='bbox 566 1575 693 1603; x_wconf 83' lang='lat' dir='ltr'>Domini.</span> <span class='ocrx_word' id='word_1_324' title='bbox 1020 1577 1098 1612; x_wconf 83' lang='lat' dir='ltr'>quod</span> <span class='ocrx_word' id='word_1_325' title='bbox 1119 1578 1188 1604; x_wconf 87' lang='lat' dir='ltr'>dare</span> <span class='ocrx_word' id='word_1_326' title='bbox 1209 1578 1352 1614; x_wconf 81' lang='lat' dir='ltr'>disposui.</span> 
     </span>
    </p>

    <p class='ocr_par' dir='ltr' id='par_1_10' title="bbox 294 1612 1422 1685">
     <span class='ocr_line' id='line_1_38' title="bbox 294 1612 1422 1651; baseline 0.004 -13"><span class='ocrx_word' id='word_1_327' title='bbox 294 1612 388 1644; x_wconf 86' lang='lat' dir='ltr'>Quam</span> <span class='ocrx_word' id='word_1_328' title='bbox 410 1613 519 1643; x_wconf 84' lang='lat' dir='ltr'>felices,</span> <span class='ocrx_word' id='word_1_329' title='bbox 541 1615 605 1648; x_wconf 74' lang='lat' dir='ltr'>quis</span> <span class='ocrx_word' id='word_1_330' title='bbox 626 1614 738 1642; x_wconf 86' lang='lat' dir='ltr'>dicetur</span> <span class='ocrx_word' id='word_1_331' title='bbox 981 1616 1039 1642; x_wconf 87' lang='lat' dir='ltr'>Pro</span> <span class='ocrx_word' id='word_1_332' title='bbox 1061 1624 1106 1642; x_wconf 89' lang='lat' dir='ltr'>me</span> <span class='ocrx_word' id='word_1_333' title='bbox 1127 1616 1243 1651; x_wconf 88' lang='lat' dir='ltr'>quidem</span> <span class='ocrx_word' id='word_1_334' title='bbox 1266 1617 1422 1651; x_wconf 80' lang='lat' dir='ltr'>respuistis</span> 
     </span>
     <span class='ocr_line' id='line_1_39' title="bbox 332 1650 1364 1685; baseline 0.006 -10"><span class='ocrx_word' id='word_1_335' title='bbox 332 1651 362 1675; x_wconf 94' lang='lat' dir='ltr'>in</span> <span class='ocrx_word' id='word_1_336' title='bbox 384 1650 431 1677; x_wconf 90' lang='lat' dir='ltr'>die</span> <span class='ocrx_word' id='word_1_337' title='bbox 452 1650 569 1677; x_wconf 86' lang='lat' dir='ltr'>iudicii:</span> <span class='ocrx_word' id='word_1_338' title='bbox 1021 1653 1222 1681; x_wconf 84' lang='lat' dir='ltr'>blandimenta</span> <span class='ocrx_word' id='word_1_339' title='bbox 1243 1654 1364 1685; x_wconf 86' lang='lat' dir='ltr'>saeculi,</span> 
     </span>
    </p>

    <p class='ocr_par' dir='ltr' id='par_1_11' title="bbox 293 1685 1375 1760">
     <span class='ocr_line' id='line_1_40' title="bbox 293 1685 1375 1728; baseline 0.005 -14"><span class='ocrx_word' id='word_1_340' title='bbox 293 1685 345 1723; x_wconf 68' lang='lat' dir='ltr'>[Ol</span> <span class='ocrx_word' id='word_1_341' title='bbox 364 1690 470 1719; x_wconf 71' lang='lat' dir='ltr'>venite,</span> <span class='ocrx_word' id='word_1_342' title='bbox 492 1689 638 1716; x_wconf 85' lang='lat' dir='ltr'>benedicti</span> <span class='ocrx_word' id='word_1_343' title='bbox 981 1692 1144 1722; x_wconf 76' lang='lat' dir='ltr'>Possidete,</span> <span class='ocrx_word' id='word_1_344' title='bbox 1164 1693 1245 1728; x_wconf 79' lang='lat' dir='ltr'>quod</span> <span class='ocrx_word' id='word_1_345' title='bbox 1265 1694 1375 1720; x_wconf 80' lang='lat' dir='ltr'>terreni</span> 
     </span>
     <span class='ocr_line' id='line_1_41' title="bbox 333 1728 1351 1760; baseline 0.005 -8"><span class='ocrx_word' id='word_1_346' title='bbox 333 1728 425 1760; x_wconf 79' lang='lat' dir='ltr'>patris</span> <span class='ocrx_word' id='word_1_347' title='bbox 447 1729 551 1754; x_wconf 74' lang='lat' dir='ltr'>summi</span> <span class='ocrx_word' id='word_1_348' title='bbox 572 1728 636 1754; x_wconf 85' lang='lat' dir='ltr'>filii.</span> <span class='ocrx_word' id='word_1_349' title='bbox 1020 1739 1080 1757; x_wconf 81' lang='lat' dir='ltr'>non</span> <span class='ocrx_word' id='word_1_350' title='bbox 1100 1731 1243 1758; x_wconf 77' lang='lat' dir='ltr'>videbunt</span> <span class='ocrx_word' id='word_1_351' title='bbox 1263 1731 1351 1758; x_wconf 83' lang='lat' dir='ltr'>oculi.</span> 
     </span>
    </p>
   </div>
   <div class='ocr_carea' id='block_1_9' title="bbox 662 1879 1154 1919">
    <p class='ocr_par' dir='ltr' id='par_1_12' title="bbox 662 1879 1154 1919">
     <span class='ocr_line' id='line_1_42' title="bbox 662 1879 1154 1919; baseline 0.01 -11"><span class='ocrx_word' id='word_1_352' title='bbox 662 1880 729 1911; x_wconf 65' lang='lat'>581.</span> <span class='ocrx_word' id='word_1_353' title='bbox 762 1879 870 1918; x_wconf 84' lang='lat' dir='ltr'>Super</span> <span class='ocrx_word' id='word_1_354' title='bbox 890 1882 1024 1919; x_wconf 71' lang='lat' dir='ltr'>„Media</span> <span class='ocrx_word' id='word_1_355' title='bbox 1045 1882 1154 1913; x_wconf 73' lang='lat' dir='ltr'>vita“.</span> 
     </span>
    </p>
   </div>
   <div class='ocr_carea' id='block_1_10' title="bbox 352 1975 1487 2066">
    <p class='ocr_par' dir='ltr' id='par_1_13' title="bbox 352 1975 1487 2066">
     <span class='ocr_line' id='line_1_43' title="bbox 352 1975 1487 2021; baseline 0.008 -15"><span class='ocrx_word' id='word_1_356' title='bbox 352 1975 467 2007; x_wconf 79' lang='lat' dir='ltr'>Media</span> <span class='ocrx_word' id='word_1_357' title='bbox 494 1976 559 2006; x_wconf 71' lang='lat' dir='ltr'>rita</span> <span class='ocrx_word' id='word_1_358' title='bbox 587 1977 619 2008; x_wconf 74' lang='lat' dir='ltr'>in</span> <span class='ocrx_word' id='word_1_359' title='bbox 645 1981 747 2010; x_wconf 75' lang='lat' dir='ltr'>morte</span> <span class='ocrx_word' id='word_1_360' title='bbox 771 1987 896 2012; x_wconf 82' lang='lat' dir='ltr'>sumus.</span> <span class='ocrx_word' id='word_1_361' title='bbox 951 1981 1051 2021; x_wconf 80' lang='lat' dir='ltr'>Quem</span> <span class='ocrx_word' id='word_1_362' title='bbox 1077 1982 1266 2020; x_wconf 77' lang='lat' dir='ltr'>quaerimus</span> <span class='ocrx_word' id='word_1_363' title='bbox 1291 1981 1487 2015; x_wconf 73' lang='lat' dir='ltr'>adiutorem.</span> 
     </span>
     <span class='ocr_line' id='line_1_44' title="bbox 352 2023 1449 2066; baseline 0.007 -14"><span class='ocrx_word' id='word_1_364' title='bbox 352 2023 418 2054; x_wconf 73' lang='lat' dir='ltr'>nisi</span> <span class='ocrx_word' id='word_1_365' title='bbox 445 2026 483 2062; x_wconf 76' lang='lat' dir='ltr'>te,</span> <span class='ocrx_word' id='word_1_366' title='bbox 510 2024 661 2066; x_wconf 77' lang='lat' dir='ltr'>Domine,</span> <span class='ocrx_word' id='word_1_367' title='bbox 689 2026 745 2065; x_wconf 78' lang='lat' dir='ltr'>qui</span> <span class='ocrx_word' id='word_1_368' title='bbox 765 2035 830 2065; x_wconf 79' lang='lat' dir='ltr'>pro</span> <span class='ocrx_word' id='word_1_369' title='bbox 848 2029 992 2066; x_wconf 75' lang='lat' dir='ltr'>peccatis</span> <span class='ocrx_word' id='word_1_370' title='bbox 1018 2029 1138 2060; x_wconf 74' lang='lat' dir='ltr'>nostris</span> <span class='ocrx_word' id='word_1_371' title='bbox 1165 2030 1246 2062; x_wconf 75' lang='lat' dir='ltr'>iuste</span> <span class='ocrx_word' id='word_1_372' title='bbox 1271 2029 1449 2061; x_wconf 77' lang='lat' dir='ltr'>irasceris?</span> 
     </span>
    </p>
   </div>
   <div class='ocr_carea' id='block_1_11' title="bbox 270 2099 1554 2432">
    <p class='ocr_par' dir='ltr' id='par_1_14' title="bbox 270 2099 1554 2432">
     <span class='ocr_line' id='line_1_45' title="bbox 270 2099 1095 2141; baseline 0.006 -11"><span class='ocrx_word' id='word_1_373' title='bbox 270 2099 302 2130; x_wconf 92' lang='lat'>1.</span> <span class='ocrx_word' id='word_1_374' title='bbox 330 2099 412 2137; x_wconf 81' lang='lat' dir='ltr'><strong>Ach‚</strong></span> <span class='ocrx_word' id='word_1_375' title='bbox 959 2106 990 2136; x_wconf 83' lang='lat'>2.</span> <span class='ocrx_word' id='word_1_376' title='bbox 1019 2103 1095 2141; x_wconf 75' lang='lat' dir='ltr'>Vae,</span> 
     </span>
     <span class='ocr_line' id='line_1_46' title="bbox 329 2148 1355 2188; baseline 0.008 -11"><span class='ocrx_word' id='word_1_377' title='bbox 329 2148 446 2184; x_wconf 74' lang='lat' dir='ltr'>Homo,</span> <span class='ocrx_word' id='word_1_378' title='bbox 473 2148 648 2187; x_wconf 84' lang='lat' dir='ltr'>perpende,</span> <span class='ocrx_word' id='word_1_379' title='bbox 675 2148 809 2188; x_wconf 80' lang='lat' dir='ltr'>fragilis,</span> <span class='ocrx_word' id='word_1_380' title='bbox 1017 2152 1218 2184; x_wconf 83' lang='lat' dir='ltr'>Calamitatis</span> <span class='ocrx_word' id='word_1_381' title='bbox 1241 2154 1276 2184; x_wconf 88' lang='lat' dir='ltr'>in</span> <span class='ocrx_word' id='word_1_382' title='bbox 1302 2153 1355 2184; x_wconf 85' lang='lat' dir='ltr'>die</span> 
     </span>
     <span class='ocr_line' id='line_1_47' title="bbox 329 2194 1460 2238; baseline 0.007 -14"><span class='ocrx_word' id='word_1_383' title='bbox 329 2194 478 2226; x_wconf 83' lang='lat' dir='ltr'>Mortalis</span> <span class='ocrx_word' id='word_1_384' title='bbox 505 2199 536 2224; x_wconf 83' lang='lat' dir='ltr'>et</span> <span class='ocrx_word' id='word_1_385' title='bbox 561 2195 730 2238; x_wconf 83' lang='lat' dir='ltr'>instabilis,</span> <span class='ocrx_word' id='word_1_386' title='bbox 1017 2200 1143 2231; x_wconf 83' lang='lat' dir='ltr'>Vermis</span> <span class='ocrx_word' id='word_1_387' title='bbox 1169 2200 1284 2232; x_wconf 85' lang='lat' dir='ltr'>fremet</span> <span class='ocrx_word' id='word_1_388' title='bbox 1308 2200 1460 2236; x_wconf 77' lang='lat' dir='ltr'>invidiae,</span> 
     </span>
     <span class='ocr_line' id='line_1_48' title="bbox 329 2242 1554 2285; baseline 0.011 -13"><span class='ocrx_word' id='word_1_389' title='bbox 329 2242 421 2281; x_wconf 83' lang='lat' dir='ltr'>Quod</span> <span class='ocrx_word' id='word_1_390' title='bbox 446 2242 548 2272; x_wconf 81' lang='lat' dir='ltr'>vitare</span> <span class='ocrx_word' id='word_1_391' title='bbox 574 2252 636 2274; x_wconf 84' lang='lat' dir='ltr'>non</span> <span class='ocrx_word' id='word_1_392' title='bbox 662 2244 784 2284; x_wconf 73' lang='lat' dir='ltr'>poteris</span> <span class='ocrx_word' id='word_1_393' title='bbox 1018 2247 1101 2278; x_wconf 86' lang='lat' dir='ltr'>Dum</span> <span class='ocrx_word' id='word_1_394' title='bbox 1127 2249 1218 2280; x_wconf 83' lang='lat' dir='ltr'>audit</span> <span class='ocrx_word' id='word_1_395' title='bbox 1241 2247 1371 2280; x_wconf 77' lang='lat' dir='ltr'>flentem</span> <span class='ocrx_word' id='word_1_396' title='bbox 1397 2250 1554 2285; x_wconf 76' lang='lat' dir='ltr'>animam:</span> 
     </span>
     <span class='ocr_line' id='line_1_49' title="bbox 330 2290 1477 2339; baseline 0.008 -19"><span class='ocrx_word' id='word_1_397' title='bbox 330 2290 480 2328; x_wconf 71' lang='lat' dir='ltr'>Mortem,</span> <span class='ocrx_word' id='word_1_398' title='bbox 507 2298 692 2330; x_wconf 85' lang='lat' dir='ltr'>quocunque</span> <span class='ocrx_word' id='word_1_399' title='bbox 718 2292 812 2332; x_wconf 85' lang='lat' dir='ltr'>ieris;</span> <span class='ocrx_word' id='word_1_400' title='bbox 1022 2295 1192 2334; x_wconf 77' lang='lat' dir='ltr'>„Mortalis</span> <span class='ocrx_word' id='word_1_401' title='bbox 1217 2304 1318 2328; x_wconf 88' lang='lat' dir='ltr'>essem</span> <span class='ocrx_word' id='word_1_402' title='bbox 1345 2297 1477 2339; x_wconf 83' lang='lat' dir='ltr'>utinam,</span> 
     </span>
     <span class='ocr_line' id='line_1_50' title="bbox 330 2335 1554 2386; baseline 0.009 -19"><span class='ocrx_word' id='word_1_403' title='bbox 330 2337 412 2368; x_wconf 74' lang='lat' dir='ltr'>Nam</span> <span class='ocrx_word' id='word_1_404' title='bbox 439 2335 544 2368; x_wconf 83' lang='lat' dir='ltr'>aufert</span> <span class='ocrx_word' id='word_1_405' title='bbox 570 2344 601 2368; x_wconf 83' lang='lat' dir='ltr'>te</span> <span class='ocrx_word' id='word_1_406' title='bbox 626 2339 822 2378; x_wconf 80' lang='lat' dir='ltr'>saepissime,</span> <span class='ocrx_word' id='word_1_407' title='bbox 1020 2346 1119 2380; x_wconf 75' lang='lat' dir='ltr'>Quam</span> <span class='ocrx_word' id='word_1_408' title='bbox 1145 2344 1256 2375; x_wconf 83' lang='lat' dir='ltr'>mortis</span> <span class='ocrx_word' id='word_1_409' title='bbox 1281 2342 1401 2376; x_wconf 82' lang='lat' dir='ltr'>Christi</span> <span class='ocrx_word' id='word_1_410' title='bbox 1427 2346 1554 2386; x_wconf 80' lang='lat' dir='ltr'>gladius</span> 
     </span>
     <span class='ocr_line' id='line_1_51' title="bbox 328 2384 1509 2432; baseline 0.008 -17"><span class='ocrx_word' id='word_1_411' title='bbox 328 2384 412 2416; x_wconf 88' lang='lat' dir='ltr'>Dum</span> <span class='ocrx_word' id='word_1_412' title='bbox 439 2385 520 2416; x_wconf 82' lang='lat' dir='ltr'>vivis</span> <span class='ocrx_word' id='word_1_413' title='bbox 545 2385 765 2419; x_wconf 86' lang='lat' dir='ltr'>libentissime.</span> <span class='ocrx_word' id='word_1_414' title='bbox 1018 2389 1210 2432; x_wconf 79' lang='lat' dir='ltr'>Transfixit3</span> <span class='ocrx_word' id='word_1_415' title='bbox 1236 2391 1320 2422; x_wconf 81' lang='lat' dir='ltr'>absit</span> <span class='ocrx_word' id='word_1_416' title='bbox 1346 2393 1509 2431; x_wconf 80' lang='lat' dir='ltr'>gravius.“</span> 
     </span>
    </p>
   </div>
   <div class='ocr_carea' id='block_1_12' title="bbox 376 2433 1322 2478">
    <p class='ocr_par' dir='ltr' id='par_1_15' title="bbox 376 2433 1322 2478">
     <span class='ocr_line' id='line_1_52' title="bbox 376 2433 1322 2478; baseline 0.004 -13"><span class='ocrx_word' id='word_1_417' title='bbox 376 2433 495 2466; x_wconf 76' lang='lat' dir='ltr'>Sancte</span> <span class='ocrx_word' id='word_1_418' title='bbox 519 2433 611 2465; x_wconf 79' lang='lat' dir='ltr'>Deus</span> <span class='ocrx_word' id='word_1_419' title='bbox 619 2433 631 2464; x_wconf 80' lang='grc' dir='ltr'><em>Ι</em></span> <span class='ocrx_word' id='word_1_420' title='bbox 1065 2437 1184 2470; x_wconf 62' lang='lat' dir='ltr'>Sancte</span> <span class='ocrx_word' id='word_1_421' title='bbox 1205 2438 1322 2478; x_wconf 77' lang='lat' dir='ltr'>fortis!</span> 
     </span>
    </p>
   </div>
  </div>
 </body>
</html>
