1653 2689
732 138 780 142 —
827 117 897 154 312
945 137 994 142 —
1076 86 1095 98 'k

571 221 640 254 612.
671 222 710 253 In
732 222 857 261 Vigffla
877 221 1078 254 nativitatis
1098 221 1140 252 1).

697 295 725 326 1.
753 292 969 333 Praeparavit

207 361 266 392 2a.
301 361 460 392 Aeternus
486 365 516 392 et
543 360 680 392 clemens
891 359 951 392 2b.
983 359 1138 391 Mundum
1164 359 1309 389 tenerent

301 411 468 441 creaturae
984 415 1054 438 cum
1080 404 1234 438 tenebrae

299 455 408 495 opifex
983 461 1014 486 et
1039 462 1140 493 aquae

301 503 410 535 orbem
435 508 552 537 terrae.
984 502 1199 542 indiscretae3

208 571 265 603 3a.
299 570 483 602 Adveniens
511 569 656 602 districte
681 577 773 610 quem
891 570 952 603 3b.
986 569 1041 601 Pie
1069 569 1216 608 dignetur
1239 571 1271 598 et
1296 566 1432 606 benigne

299 618 444 651 iudicare
983 616 1125 650 liberare

695 667 727 698 4.
754 666 852 697 Eum.

282 740 369 774 Trop.
391 749 442 767 ms.
465 740 654 768 Martialense
675 741 743 767 anni
767 738 906 768 933—36.
941 739 1010 767 cod.
1032 740 1158 766 Parisin.
1183 736 1264 766 1240.
1285 737 1351 766 add.
1373 745 1448 766 saec.
1471 734 1517 764 10.

205 779 239 805 A.
270 793 304 796 —
333 778 420 812 Trop.
448 786 500 804 ms.
528 779 738 806 Moissiacense
770 787 845 806 saec.
876 778 919 805 11.
968 777 1039 806 cod.
1065 778 1191 804 Parisin.
1219 777 1313 805 Nouv.
1342 785 1406 811 aeq.
1435 772 1518 802 1871.

207 817 238 843 B.
260 832 295 835 —
317 816 406 852 'Fi-op.
427 824 480 843 ms.
502 817 683 844 Nivemense
704 825 779 844 saec.
803 815 847 843 12.
887 817 958 844 Cod.
980 817 1106 844 Parisin-
1127 817 1223 843 Nouv.
1243 823 1308 851 aeq.
1330 811 1412 842 1235.
1434 813 1467 839 C.
1481 825 1519 832 -

206 852 259 886 2a,
282 853 294 881 1
321 863 355 880 ac
375 854 501 881 clemens
524 856 555 881 B.
570 869 607 873 ——
622 855 686 881 Alle
703 855 848 890 §trophea
869 855 927 881 und
946 854 1036 881 Ver-se
1057 854 1166 880 reimen
1188 853 1241 880 auf
1258 859 1284 885 θ,
1306 850 1519 888 entsprechend

207 893 271 919 dem
289 893 467 927 „Praepar
477 902 520 919 av
530 894 537 918 i
547 896 559 919 t
581 891 709 921 e-um“:
732 893 805 920 auch
819 893 943 928 beginnt
955 893 1004 919 die
1017 892 1201 926 Tropierung
1214 892 1269 918 mit
1285 887 1466 925 „E-oernus“.
1481 901 1519 909 —·

207 931 240 957 In
268 931 319 958 der
341 932 393 958 Hs.
421 931 471 957 hat
496 940 552 958 nur
572 930 612 958 3a
640 933 705 958 eine
726 930 858 965 Initiale;
887 935 969 958 sonst
995 933 1034 958 ist
1061 930 1134 957 alles
1162 929 1337 956 fortlaufend
1359 928 1434 956 ohne
1451 927 1520 963 jede

208 969 370 1003 Abteilung
394 968 592 1003 geschrieben.
635 969 694 995 Der
720 969 834 1004 Tropus
855 969 905 996 Nr.
930 966 986 996 513
1014 969 1086 995 fiber
1113 968 1166 994 das
1193 967 1306 1003 gleiehe
1325 967 1439 994 Thema
1468 973 1521 993 aus

209 1007 280 1034 Clm.
301 1008 453 1034 Monacen.
477 1004 575 1034 14:322
600 1008 663 1042 gibt
685 1007 774 1034 durch
796 1006 844 1034 die
865 1007 930 1034 dort
951 1008 1177 1043 eingetragenen
1197 1006 1338 1032 Initialen
1362 1006 1428 1033 eine
1448 1005 1521 1032 festo

211 1045 377 1080 Grundlage
406 1046 451 1071 fur
477 1045 522 1072 (lie
549 1045 722 1081 Abteilung:
751 1045 825 1072 dazu
855 1045 966 1072 kommt
992 1046 1043 1073 ‹ler
1069 1046 1161 1073 Reim.
1183 1058 1218 1062 —
1241 1044 1301 1070 Der
1319 1044 1394 1070 Text
1423 1043 1473 1070 des
1493 1041 1521 1070 2.

210 1084 318 1110 Versus
344 1092 406 1110 zum
436 1083 621 1110 offertorium
651 1084 755 1111 lautet:
788 1085 872 1118 Ipse
898 1092 1008 1120 ¹<uper
1035 1084 1149 1110 maria
1176 1081 1357 1109 fundavit
1382 1089 1460 1109 eum
1486 1085 1522 1109 et

208 1130 316 1156 super
341 1122 499 1148 flumina
524 1121 784 1157 praeparavit
812 1128 916 1148 erum.

574 1225 642 1255 613.
673 1225 710 1254 ln
733 1224 859 1261 vigilia
880 1224 1080 1254 Nativitatis
1101 1224 1142 1254 1).

701 1297 730 1327 1.
759 1294 976 1334 Praepararit

215 1362 273 1394 2a.
308 1362 379 1400 Ipse
405 1362 456 1400 qui
483 1361 589 1400 polum
897 1361 957 1395 2b.
989 1362 1109 1400 Quique
1135 1361 1250 1399 omnia,

304 1414 398 1447 atque
424 1413 552 1447 pontum
991 1417 1071 1448 quae
1096 1408 1127 1439 in
1155 1408 1200 1439 eis

305 1461 485 1496 terramque
989 1461 1172 1497 nuscuntur,

306 1503 505 1537 fundaverat.
990 1505 1156 1541 nutrierat,

213 1571 270 1602 3a.
307 1571 523 1609 Omnipotens,
551 1571 666 1602 exaudi
897 1571 960 1604 3b.
990 1571 1049 1610 Qui
1075 1571 1154 1602 vivis
1181 1574 1213 1601 et
1238 1579 1351 1610 regnas
1376 1572 1408 1602 in

310 1618 380 1658 pius
407 1616 540 1649 famulos
566 1622 645 1658 tuos,
993 1623 1155 1650 aeternum
1183 1622 1213 1649 et
1238 1618 1271 1649 in
1296 1626 1422 1651 aevum.

288 1694 374 1728 Trop.
407 1703 456 1719 ms,
490 1693 723 1730 Emmera'rneuse
753 1696 822 1720 anni
858 1691 1013 1720 1024—36.
1061 1694 1134 1721 Clm.
1166 1694 1318 1721 Monaeen.
1354 1692 1458 1722 14322.
1489 1709 1525 1714 ——

212 1730 265 1763 31),
288 1732 302 1759 1
324 1733 401 1759 vivis
423 1736 451 1758 et
471 1731 550 1758 fehlt.
567 1747 602 1750 —
617 1732 813 1759 Uber-schrift:
838 1732 1046 1767 „Praeparavit
1067 1733 1173 1759 e-um“.
1190 1747 1228 1750 —
1241 1730 1294 1764 ‘2a‚
1314 1731 1333 1758 4
1354 1733 1413 1760 und
1434 1732 1485 1765 212,
1506 1733 1525 1761 4

213 1771 277 1798 sind
304 1773 333 1798 in
363 1771 413 1797 der
435 1771 487 1796 Hs.
509 1771 539 1796 in
561 1770 714 1806 Capitalen
735 1771 937 1806 geschrieben:
966 1770 1104 1797 Initialen
1125 1770 1184 1797 und
1206 1770 1457 1808 Zeilenbreehung
1477 1773 1526 1800 be-

215 1809 355 1836 zeichnen
375 1808 515 1835 ebendort
536 1807 591 1835 den
612 1808 726 1843 Anfang
747 1808 797 1835 der
819 1808 965 1844 Sti-opher:
984 1808 1044 1835 und
1063 1807 1314 1845 Gegenstrophen.

582 1910 650 1941 614.
682 1911 719 1941 In
742 1911 867 1948 vigilia
888 1912 1088 1942 Nativitatis
1110 1912 1152 1942 I).

707 1984 736 2014 1.
763 1981 979 2022 Praeparavit

221 2050 279 2081 2³.
316 2048 402 2080 Haec
429 2048 574 2079 conditor
598 2048 673 2079 solis
899 2049 961 2082 2b.
997 2049 1269 2090 Pugnatoremque

311 2101 406 2135 atque
430 2096 524 2126 lunae
996 2097 1171 2128 debellaret

310 2144 351 2176 ad
378 2143 462 2175 redi·
994 2153 1031 2175 ac
1060 2145 1119 2176 sibi

311 2193 442 2224 mendas
467 2198 579 2232 gentes
995 2193 1212 2226 substerneret

221 2263 281 2294 3³.
315 2258 357 2291 Et
383 2259 503 2290 locaret
529 2258 710 2297 redemptos
904 2259 966 2291 31).
1000 2259 1166 2298 Vitanique
1191 2264 1372 2298 praestaret

313 2307 456 2348 polorum
481 2306 514 2336 in
539 2314 615 2339 arce
1001 2304 1174 2350 [omnibus]
1199 2307 1232 2339 in
1258 2315 1385 2338 aevum.

293 2389 382 2422 Trop.
410 2393 462 2411 ms,
487 2383 698 2411 Moissiacense
725 2389 801 2409 saec.
832 2380 874 2408 11.
923 2381 993 2410 Cod.
1021 2383 1148 2410 Par-isin.
1174 2381 1271 2409 Nouv.
1297 2389 1361 2417 aeq.
1390 2379 1472 2409 1871.
1495 2397 1534 2403 —

219 2426 271 2461 3³,
297 2426 309 2454 1
332 2425 505 2459 redemptor.
