1653 2689
753 127 990 164 -95-

359 230 390 262 3.
417 228 554 268 Propter
579 226 661 266 quod
688 225 811 266 magnis
835 223 1002 256 inhiabant
1028 224 1137 256 vivere
1158 223 1274 264 lucris3

486 272 678 308 Inquirenaes
697 273 796 299 autem
817 268 984 298 Dominum
1004 277 1066 298 non
1085 269 1263 298 minuentur

487 309 569 340 omni
589 309 674 338 bono.
714 310 775 337 Ps.:
796 305 977 336 Benedicam
997 305 1166 336 Dominum
1185 309 1238 336 etc.

351 355 381 386 4.
410 352 470 391 Qui
495 352 557 383 iam
583 353 770 390 perpetuam
796 347 956 380 meruistis
982 347 1101 380 habere
1127 355 1286 389 coronam,

488 396 593 424 Timete
615 394 790 426 Dominum,
811 400 913 422 omnes
934 392 1034 421 sam-ti
1053 393 1116 420 eius
1137 394 1187 421 ete.

356 440 386 470 5.
415 437 542 468 Laudes
568 445 651 467 nunc
677 443 798 465 summo
823 433 999 474 gaudentes
1024 433 1153 465 reddite
1179 432 1319 475 christo,

413 485 471 523 Qui
498 493 553 516 vos
578 482 716 514 aeternis
742 481 854 513 tribuit
880 481 1055 512 consistere
1080 480 1203 521 regnis:

483 528 589 557 Gloria
606 526 694 564 patri
716 529 767 555 etc.
808 525 917 554 Timete
937 525 1107 554 Dominum
1127 527 1178 554 etc.

294 597 380 633 Trop.
403 606 454 623 ms.
476 598 622 632 Augiense
644 603 719 622 saec.
743 593 786 622 10.
817 595 886 622 Cod.
908 594 1100 629 Bambergen.
1122 593 1168 621 Ed
1183 594 1209 620 V
1229 591 1247 620 9
1267 593 1302 620 A.
1316 608 1354 613 —
1367 593 1456 622 Grad.
1477 602 1534 621 ms.

216 635 337 663 Amoldi
360 635 608 671 Aquisgranensis
637 642 711 661 saec.
736 632 778 660 13.
820 633 889 660 Cod.
913 633 1008 667 Capit.
1028 633 1243 668 Aquisgranen.
1264 632 1332 659 XII.
1353 633 1386 659 B.
1408 647 1443 650 —
1465 631 1491 665 5,
1513 629 1533 659 2

217 675 273 707 Qui
302 683 354 700 nos
376 675 409 700 A.
431 688 467 691 —
488 673 676 700 Binnenreim
705 673 735 698 in
760 670 839 698 allen
858 672 1064 698 Hexametern.
1084 685 1121 689 —-
1140 670 1356 697 Vorstehender
1375 670 1532 698 Introitus-

216 716 279 739 text
306 711 386 738 dient
410 711 483 745 jetzt
511 713 540 738 in
568 711 705 737 kiirzerer
734 709 791 736 und
820 713 909 736 etwas
940 708 1112 744 geiinderter
1133 708 1221 736 Form
1248 707 1292 736 als
1317 708 1532 736 Gradualetext

216 751 261 777 fiir
282 749 501 784 Allerheiligen.

500 808 510 825 ⁸
659 823 726 852 195.
758 823 796 852 In
818 821 928 852 sancti
949 822 1082 852 Albani.

332 895 360 926 1,
391 892 518 923 Viribus
544 901 560 922 e
586 890 676 930 totis⁷
702 901 764 931 quo
789 890 931 930 praemia
957 895 1059 922 sumat
1085 891 1118 922 in
1145 888 1255 931 astris,

386 943 491 978 Atque
518 948 656 978 superna
681 942 806 978 petens,
833 944 881 969 ast
908 938 986 969 haec
1011 944 1139 970 terrena
1166 939 1351 979 relinquens

481 984 521 1012 In
542 985 651 1012 ‘virtute
671 986 733 1017 tua,
754 982 894 1017 Domine,
915 982 1077 1011 laetabitur
1097 984 1208 1017 iustus,

330 1028 360 1058 2.
388 1025 525 1058 Deditus
552 1029 598 1056 est
625 1023 736 1064 poenis
762 1025 864 1055 laetus
891 1028 1074 1056 constanter
1099 1023 1228 1057 acerbis

480 1073 506 1098 et
527 1078 619 1106 super
639 1069 773 1098 salutare
792 1071 879 1097 tuum
900 1068 1062 1098 eoeszzltabit
1084 1070 1282 1104 vehementer-5

329 1113 361 1144 3.
390 1111 457 1143 Hoc
482 1120 604 1151 quoque
630 1107 816 1151 promeruit,
847 1111 942 1151 digua
968 1111 1115 1142 mercede
1141 1109 1276 1151 recepit,

484 1155 666 1184 desiderium
687 1156 809 1183 animae
829 1155 894 1183 eius
914 1155 1051 1183 tribuisti
1071 1156 1106 1184 ei.

275 1225 383 1290 1Τιὲοιῦ
404 1232 455 1251 ms.
483 1224 730 1258 Moguntinumt‘m
755 1224 822 1250 anni
851 1221 992 1250 955—62.
1032 1223 1103 1250 Cod.
1125 1224 1289 1252 Londinen.
1316 1224 1389 1252 Add.
1419 1223 1530 1254 19768.

214 1276 250 1280 —
294 1282 299 1293 ,
386 1266 465 1298 tque.

643 1335 710 1364 19⁸.
743 1335 779 1365 In
802 1335 912 1365 sancti
934 1335 1097 1366 Andreae.

336 1407 363 1439 1.
392 1405 524 1438 Culmen
550 1405 756 1444 apostolicum
785 1405 933 1436 Andreas
959 1413 1056 1445 super
1079 1409 1167 1437 astra
1193 1405 1305 1438 beatus

388 1453 525 1492 Insignis
552 1453 676 1491 retinet,
704 1462 760 1483 nos
786 1453 861 1483 inde
888 1461 1036 1484 canamus
1062 1457 1212 1486 ovanter:

480 1496 564 1525 Mihi
583 1501 679 1525 autem
700 1497 794 1525 *nimis
814 1497 955 1525 honorati
975 1499 1046 1525 sunt

328 1539 360 1570 2.
387 1538 472 1570 Miro
499 1539 671 1569 lustrantes
699 1539 848 1577 varioque
875 1538 1050 1570 vibramine
1077 1547 1215 1570 cosmum

482 1583 572 1611 anzz'ci
591 1584 645 1617 tui,
666 1582 760 1618 Deus,

330 1625 361 1658 3.
389 1623 525 1656 Sedibus
551 1624 708 1670 aethereis
733 1626 894 1663 gestantes
919 1627 1006 1655 serta
1032 1633 1090 1662 per
1115 1633 1210 1659 aeon,

482 1669 573 1696 nimis
595 1670 785 1705 confortatus
806 1671 848 1697 est
864 1669 1059 1705 principatus
1082 1677 1193 1697 eorum.

291 1738 378 1773 Trop.
404 1746 455 1764 ms.
486 1738 675 1764 Martialense
704 1746 779 1764 saec.
809 1735 851 1764 10.
893 1736 963 1764 Cod.
985 1738 1111 1765 Parisin.
1145 1735 1224 1765 1084.
1246 1740 1280 1766 A.
1302 1754 1338 1759 —
1359 1741 1447 1775 Trop.
1474 1750 1527 1769 ms.

215 1776 406 1804 Martialense
427 1784 501 1803 saec.
526 1774 569 1802 11.
601 1775 669 1802 Cod.
692 1776 816 1803 Parisin.
838 1774 902 1803 909.
924 1775 955 1801 Β.
972 1791 1008 1794 —
1022 1775 1110 1811 Trop.
1132 1785 1184 1804 ms.
1206 1778 1235 1804 S.
1250 1779 1409 1813 Augustini
1423 1779 1529 1807 Lemo-

214 1815 342 1842 vicensis
364 1823 438 1841 saec.
464 1813 504 1840 11.
547 1814 616 1840 Cod.
639 1815 764 1841 Parisin.
790 1812 869 1840 1119.
892 1815 922 1841 C.
944 1828 979 1831 —
1000 1815 1087 1849 Trop.
1109 1824 1161 1842 ms.
1183 1816 1211 1842 S.
1235 1816 1356 1843 Martini
1367 1819 1402 1850 (⁴1³)
1422 1818 1527 1846 Lemo-

214 1853 342 1880 vicensis
363 1861 438 1880 saec.
462 1851 505 1878 11.
541 1852 609 1878 Cod.
631 1853 757 1879 Parisin.
779 1849 843 1878 887.
866 1853 900 1879 D.
916 1853 1053 1887 —Trop.
1076 1862 1128 1879 ms.
1149 1853 1361 1882 Moissiacense
1383 1863 1458 1883 saec.
1483 1855 1528 1884 11.

215 1891 286 1919 Cod.
307 1891 432 1918 Par-isin.
455 1891 547 1917 Nouv.
570 1899 632 1926 aeq.
657 1889 737 1918 1871.
760 1891 793 1918 Ε.
809 1905 846 1908 -
869 1889 892 1921 1,
915 1888 928 1916 1
951 1891 1097 1917 Andream
1118 1892 1156 1921 E:
1179 1892 1264 1920 beato
1287 1894 1320 1920 A.
1335 1908 1372 1912 —
1389 1894 1412 1926 l,
1435 1893 1453 1921 2
1473 1903 1530 1922 nos

215 1929 290 1957 unde
312 1929 352 1959 E:
374 1936 513 1956 canamus
535 1937 634 1956 ornnes
656 1928 691 1956 E.
713 1943 748 1947 —
771 1928 822 1955 Als
845 1929 898 1961 „ad
919 1928 1086 1956 Psalmum“
1109 1931 1196 1965 ffigen
1217 1932 1268 1958 BE
1292 1931 1354 1959 bei:

399 1987 492 2014 Laeta
513 1985 616 2013 cohors
638 1986 797 2022 proclamet
817 1995 907 2012 ovans
929 1995 1005 2013 nuuc
1028 1990 1129 2014 nostra
1149 1989 1293 2016 canendo:

480 2022 620 2057 Domine,
638 2023 779 2059 probasti
802 2031 843 2050 me
864 2026 888 2051 et
911 2023 1075 2059 cowzoristi
1097 2033 1139 2052 me
1157 2027 1207 2052 etc.

642 2127 711 2157 199.
742 2128 780 2157 In
802 2128 912 2158 sancti
933 2129 1098 2160 Andreae.

303 2201 332 2231 1.
360 2197 509 2238 Undique
535 2197 749 2229 christicolum
775 2197 927 2230 Andreae
957 2198 1032 2230 dum
1060 2197 1141 2231 festa
1168 2205 1314 2234 recenset

359 2246 559 2278 Concurrens
585 2246 659 2277 almi
685 2242 795 2289 [laeta]
821 2255 906 2277 nunc
930 2246 1025 2278 turba
1050 2247 1221 2286 resultans,

361 2294 515 2326 Concinat
539 2293 721 2335 altithrono,
749 2293 865 2325 cecinit
890 2294 974 2334 quod
1000 2295 1082 2326 vatis
1108 2296 1229 2329 eidem:

442 2338 525 2367 Mihi
543 2341 642 2367 autem
664 2339 756 2367 nimis
777 2339 920 2367 honorati
941 2343 1013 2368 sunt
1033 2340 1125 2369 antici
1144 2342 1197 2375 tui,
1219 2341 1314 2376 Deus,

299 2381 328 2413 2.
358 2381 453 2412 Lituo
478 2379 654 2420 terrigenas
681 2383 847 2420 postquam
875 2381 1024 2412 domuere
1050 2391 1208 2423 supremo,

446 2426 539 2455 nimis
561 2426 753 2461 confortatus
775 2427 817 2454 est
833 2425 1033 2462 principatus
1054 2435 1164 2456 eorum.
