<?xml version="1.0" encoding="UTF-8"?>
<!DOCTYPE html PUBLIC "-//W3C//DTD XHTML 1.0 Transitional//EN"
    "http://www.w3.org/TR/xhtml1/DTD/xhtml1-transitional.dtd">
<html xmlns="http://www.w3.org/1999/xhtml" xml:lang="en" lang="en">
 <head>
  <title>
</title>
<meta http-equiv="Content-Type" content="text/html;charset=utf-8" />
  <meta name='ocr-system' content='tesseract 3.04.00' />
  <meta name='ocr-capabilities' content='ocr_page ocr_carea ocr_par ocr_line ocrx_word'/>
</head>
<body>
  <div class='ocr_page' id='page_1' title='image "./analectahymnica49drevuoft_0374.png"; bbox 0 0 1653 2689; ppageno 0'>
   <div class='ocr_carea' id='block_1_1' title="bbox 663 87 924 123">
    <p class='ocr_par' dir='ltr' id='par_1_1' title="bbox 663 87 924 123">
     <span class='ocr_line' id='line_1_1' title="bbox 663 87 924 123; baseline 0 0"><span class='ocrx_word' id='word_1_1' title='bbox 663 87 924 123; x_wconf 84' lang='lat'>—371-</span> 
     </span>
    </p>
   </div>
   <div class='ocr_carea' id='block_1_2' title="bbox 293 179 904 272">
    <p class='ocr_par' dir='ltr' id='par_1_2' title="bbox 293 179 904 272">
     <span class='ocr_line' id='line_1_2' title="bbox 293 179 892 225; baseline 0.003 -9"><span class='ocrx_word' id='word_1_2' title='bbox 293 183 331 216; x_wconf 76' lang='grc'>6.</span> <span class='ocrx_word' id='word_1_3' title='bbox 358 179 475 225; x_wconf 60' lang='lat' dir='ltr'>Fam,</span> <span class='ocrx_word' id='word_1_4' title='bbox 501 183 595 216; x_wconf 83' lang='lat' dir='ltr'>dolus</span> <span class='ocrx_word' id='word_1_5' title='bbox 619 187 652 216; x_wconf 84' lang='lat' dir='ltr'>et</span> <span class='ocrx_word' id='word_1_6' title='bbox 677 184 750 218; x_wconf 81' lang='lat' dir='ltr'>dira</span> <span class='ocrx_word' id='word_1_7' title='bbox 774 184 892 225; x_wconf 78' lang='lat' dir='ltr'>cupido</span> 
     </span>
     <span class='ocr_line' id='line_1_3' title="bbox 361 231 904 272; baseline 0.006 -10"><span class='ocrx_word' id='word_1_8' title='bbox 361 231 429 263; x_wconf 87' lang='lat' dir='ltr'>Iam</span> <span class='ocrx_word' id='word_1_9' title='bbox 456 234 591 272; x_wconf 82' lang='lat' dir='ltr'>regnant</span> <span class='ocrx_word' id='word_1_10' title='bbox 617 233 651 264; x_wconf 87' lang='lat' dir='ltr'>in</span> <span class='ocrx_word' id='word_1_11' title='bbox 675 236 742 265; x_wconf 89' lang='lat' dir='ltr'>toto</span> <span class='ocrx_word' id='word_1_12' title='bbox 768 232 904 271; x_wconf 81' lang='lat' dir='ltr'>mund03</span> 
     </span>
    </p>
   </div>
   <div class='ocr_carea' id='block_1_3' title="bbox 361 277 1235 369">
    <p class='ocr_par' dir='ltr' id='par_1_3' title="bbox 361 277 1235 369">
     <span class='ocr_line' id='line_1_4' title="bbox 361 277 1235 321; baseline 0.002 -11"><span class='ocrx_word' id='word_1_13' title='bbox 361 278 533 311; x_wconf 80' lang='lat' dir='ltr'>Praevalet</span> <span class='ocrx_word' id='word_1_14' title='bbox 557 280 686 320; x_wconf 83' lang='lat' dir='ltr'>impius,</span> <span class='ocrx_word' id='word_1_15' title='bbox 713 277 733 297; x_wconf 86' lang='grc'>*</span> <span class='ocrx_word' id='word_1_16' title='bbox 759 281 855 313; x_wconf 86' lang='lat' dir='ltr'>laude</span> <span class='ocrx_word' id='word_1_17' title='bbox 881 280 994 321; x_wconf 82' lang='lat' dir='ltr'>dignus</span> <span class='ocrx_word' id='word_1_18' title='bbox 1020 283 1070 312; x_wconf 88' lang='lat' dir='ltr'>est</span> <span class='ocrx_word' id='word_1_19' title='bbox 1095 289 1235 321; x_wconf 79' lang='lat' dir='ltr'>pravus3</span> 
     </span>
     <span class='ocr_line' id='line_1_5' title="bbox 459 327 754 369; baseline 0.003 -10"><span class='ocrx_word' id='word_1_20' title='bbox 459 327 607 360; x_wconf 81' lang='lat' dir='ltr'><strong>Probitas</strong></span> <span class='ocrx_word' id='word_1_21' title='bbox 636 327 754 369; x_wconf 80' lang='lat' dir='ltr'>horret,</span> 
     </span>
    </p>
   </div>
   <div class='ocr_carea' id='block_1_4' title="bbox 293 375 1173 1435">
    <p class='ocr_par' dir='ltr' id='par_1_4' title="bbox 359 375 1061 802">
     <span class='ocr_line' id='line_1_6' title="bbox 458 375 813 417; baseline 0.003 -10"><span class='ocrx_word' id='word_1_22' title='bbox 458 375 618 408; x_wconf 83' lang='lat' dir='ltr'><strong>Sanctitas</strong></span> <span class='ocrx_word' id='word_1_23' title='bbox 645 375 813 417; x_wconf 84' lang='lat' dir='ltr'>displicet;</span> 
     </span>
     <span class='ocr_line' id='line_1_7' title="bbox 457 423 865 466; baseline 0 -11"><span class='ocrx_word' id='word_1_24' title='bbox 457 423 612 455; x_wconf 87' lang='lat' dir='ltr'>Versutus</span> <span class='ocrx_word' id='word_1_25' title='bbox 643 427 691 455; x_wconf 90' lang='lat' dir='ltr'>est</span> <span class='ocrx_word' id='word_1_26' title='bbox 716 424 865 466; x_wconf 87' lang='lat' dir='ltr'>optimus,</span> 
     </span>
     <span class='ocr_line' id='line_1_8' title="bbox 457 470 819 509; baseline -0.003 -6"><span class='ocrx_word' id='word_1_27' title='bbox 457 471 556 504; x_wconf 88' lang='lat' dir='ltr'>Utilis</span> <span class='ocrx_word' id='word_1_28' title='bbox 582 474 628 502; x_wconf 81' lang='lat' dir='ltr'>est</span> <span class='ocrx_word' id='word_1_29' title='bbox 655 470 819 509; x_wconf 85' lang='lat' dir='ltr'>subdolus,</span> 
     </span>
     <span class='ocr_line' id='line_1_9' title="bbox 359 517 1061 560; baseline 0 -11"><span class='ocrx_word' id='word_1_30' title='bbox 359 517 470 550; x_wconf 85' lang='lat' dir='ltr'>Hebes</span> <span class='ocrx_word' id='word_1_31' title='bbox 496 522 545 550; x_wconf 87' lang='lat' dir='ltr'>est</span> <span class='ocrx_word' id='word_1_32' title='bbox 569 518 730 560; x_wconf 84' lang='lat' dir='ltr'>innocens,</span> <span class='ocrx_word' id='word_1_33' title='bbox 758 522 889 550; x_wconf 87' lang='lat' dir='ltr'>sanctus</span> <span class='ocrx_word' id='word_1_34' title='bbox 915 518 1061 553; x_wconf 75' lang='lat' dir='ltr'>iniustus.</span> 
     </span>
     <span class='ocr_line' id='line_1_10' title="bbox 361 565 842 605; baseline 0.002 -7"><span class='ocrx_word' id='word_1_35' title='bbox 361 565 521 598; x_wconf 86' lang='lat' dir='ltr'>Gradiens</span> <span class='ocrx_word' id='word_1_36' title='bbox 548 569 635 597; x_wconf 84' lang='lat' dir='ltr'>recte</span> <span class='ocrx_word' id='word_1_37' title='bbox 661 575 842 605; x_wconf 82' lang='lat' dir='ltr'>perversuS.</span> 
     </span>
     <span class='ocr_line' id='line_1_11' title="bbox 456 615 758 657; baseline -0.01 -5"><span class='ocrx_word' id='word_1_38' title='bbox 456 615 498 652; x_wconf 82' lang='lat' dir='ltr'>R.</span> <span class='ocrx_word' id='word_1_39' title='bbox 529 617 612 654; x_wconf 90' lang='lat' dir='ltr'>Heu,</span> <span class='ocrx_word' id='word_1_40' title='bbox 640 619 758 657; x_wconf 83' lang='lat' dir='ltr'>miseri,</span> 
     </span>
     <span class='ocr_line' id='line_1_12' title="bbox 528 665 764 705; baseline -0.004 -8"><span class='ocrx_word' id='word_1_41' title='bbox 528 665 611 705; x_wconf 85' lang='lat' dir='ltr'>Heu,</span> <span class='ocrx_word' id='word_1_42' title='bbox 639 666 764 697; x_wconf 74' lang='lat' dir='ltr'>miseri!</span> 
     </span>
     <span class='ocr_line' id='line_1_13' title="bbox 527 713 922 756; baseline 0.003 -12"><span class='ocrx_word' id='word_1_43' title='bbox 527 713 621 753; x_wconf 79' lang='lat' dir='ltr'>Quid,</span> <span class='ocrx_word' id='word_1_44' title='bbox 650 713 753 756; x_wconf 88' lang='lat' dir='ltr'>homo,</span> <span class='ocrx_word' id='word_1_45' title='bbox 779 714 922 754; x_wconf 79' lang='lat' dir='ltr'>ineptam</span> 
     </span>
     <span class='ocr_line' id='line_1_14' title="bbox 527 761 882 802; baseline -0.006 -8"><span class='ocrx_word' id='word_1_46' title='bbox 527 761 677 802; x_wconf 85' lang='lat' dir='ltr'>Sequeris</span> <span class='ocrx_word' id='word_1_47' title='bbox 702 761 882 793; x_wconf 77' lang='lat' dir='ltr'>laetitiam?</span> 
     </span>
    </p>

    <p class='ocr_par' dir='ltr' id='par_1_5' title="bbox 293 819 1173 960">
     <span class='ocr_line' id='line_1_15' title="bbox 293 819 943 858; baseline -0.002 -1"><span class='ocrx_word' id='word_1_48' title='bbox 293 823 329 858; x_wconf 72' lang='lat'>7.</span> <span class='ocrx_word' id='word_1_49' title='bbox 357 819 492 857; x_wconf 75' lang='lat' dir='ltr'><strong>Gladius</strong></span> <span class='ocrx_word' id='word_1_50' title='bbox 519 823 636 855; x_wconf 83' lang='lat' dir='ltr'>vindex</span> <span class='ocrx_word' id='word_1_51' title='bbox 663 827 694 854; x_wconf 91' lang='lat' dir='ltr'>et</span> <span class='ocrx_word' id='word_1_52' title='bbox 719 824 768 855; x_wconf 87' lang='lat' dir='ltr'>ira</span> <span class='ocrx_word' id='word_1_53' title='bbox 796 823 943 856; x_wconf 85' lang='lat' dir='ltr'>caelestis</span> 
     </span>
     <span class='ocr_line' id='line_1_16' title="bbox 358 871 890 910; baseline 0.004 -8"><span class='ocrx_word' id='word_1_54' title='bbox 358 871 417 902; x_wconf 80' lang='lat' dir='ltr'>His</span> <span class='ocrx_word' id='word_1_55' title='bbox 442 871 590 910; x_wconf 84' lang='lat' dir='ltr'>protinus</span> <span class='ocrx_word' id='word_1_56' title='bbox 615 871 760 902; x_wconf 81' lang='lat' dir='ltr'>imminet</span> <span class='ocrx_word' id='word_1_57' title='bbox 785 872 890 904; x_wconf 87' lang='lat' dir='ltr'>malis.</span> 
     </span>
     <span class='ocr_line' id='line_1_17' title="bbox 358 915 1173 960; baseline -0.004 -8"><span class='ocrx_word' id='word_1_58' title='bbox 358 918 508 952; x_wconf 80' lang='lat' dir='ltr'>Solvetur</span> <span class='ocrx_word' id='word_1_59' title='bbox 533 919 680 958; x_wconf 56' lang='lat' dir='ltr'>Samum,</span> <span class='ocrx_word' id='word_1_60' title='bbox 710 915 728 935; x_wconf 87' lang='lat'><strong>*</strong></span> <span class='ocrx_word' id='word_1_61' title='bbox 755 919 889 951; x_wconf 81' lang='lat' dir='ltr'>seducet</span> <span class='ocrx_word' id='word_1_62' title='bbox 915 928 1025 951; x_wconf 86' lang='lat' dir='ltr'>omnes</span> <span class='ocrx_word' id='word_1_63' title='bbox 1051 922 1173 960; x_wconf 83' lang='lat' dir='ltr'>gentes,</span> 
     </span>
    </p>

    <p class='ocr_par' dir='ltr' id='par_1_6' title="bbox 355 967 967 1435">
     <span class='ocr_line' id='line_1_18' title="bbox 454 967 757 998; baseline -0.003 0"><span class='ocrx_word' id='word_1_64' title='bbox 454 967 602 998; x_wconf 82' lang='lat' dir='ltr'>vestiens</span> <span class='ocrx_word' id='word_1_65' title='bbox 628 975 757 998; x_wconf 82' lang='lat' dir='ltr'>carnem</span> 
     </span>
     <span class='ocr_line' id='line_1_19' title="bbox 452 1013 755 1054; baseline 0 -9"><span class='ocrx_word' id='word_1_66' title='bbox 452 1014 556 1046; x_wconf 87' lang='lat' dir='ltr'>Homo</span> <span class='ocrx_word' id='word_1_67' title='bbox 582 1013 755 1054; x_wconf 85' lang='lat' dir='ltr'>videbitur,</span> 
     </span>
     <span class='ocr_line' id='line_1_20' title="bbox 451 1061 896 1103; baseline -0.004 -10"><span class='ocrx_word' id='word_1_68' title='bbox 451 1061 522 1103; x_wconf 84' lang='lat' dir='ltr'>Qui,</span> <span class='ocrx_word' id='word_1_69' title='bbox 549 1070 617 1093; x_wconf 91' lang='lat' dir='ltr'>cum</span> <span class='ocrx_word' id='word_1_70' title='bbox 644 1061 686 1093; x_wconf 91' lang='lat' dir='ltr'>sit</span> <span class='ocrx_word' id='word_1_71' title='bbox 713 1062 752 1092; x_wconf 92' lang='lat' dir='ltr'>de</span> <span class='ocrx_word' id='word_1_72' title='bbox 777 1061 896 1092; x_wconf 89' lang='lat' dir='ltr'>semine</span> 
     </span>
     <span class='ocr_line' id='line_1_21' title="bbox 450 1109 696 1149; baseline 0 -9"><span class='ocrx_word' id='word_1_73' title='bbox 450 1109 553 1141; x_wconf 92' lang='lat' dir='ltr'>Natus</span> <span class='ocrx_word' id='word_1_74' title='bbox 576 1109 696 1149; x_wconf 78' lang='lat' dir='ltr'>iniquo,</span> 
     </span>
     <span class='ocr_line' id='line_1_22' title="bbox 356 1156 964 1196; baseline -0.003 -8"><span class='ocrx_word' id='word_1_75' title='bbox 356 1156 450 1189; x_wconf 84' lang='lat' dir='ltr'>Dicet</span> <span class='ocrx_word' id='word_1_76' title='bbox 476 1165 510 1189; x_wconf 85' lang='lat' dir='ltr'>se</span> <span class='ocrx_word' id='word_1_77' title='bbox 537 1158 577 1190; x_wconf 87' lang='lat' dir='ltr'>de</span> <span class='ocrx_word' id='word_1_78' title='bbox 603 1157 726 1196; x_wconf 84' lang='lat' dir='ltr'>virgine</span> <span class='ocrx_word' id='word_1_79' title='bbox 751 1162 964 1196; x_wconf 79' lang='lat' dir='ltr'>procreatum,</span> 
     </span>
     <span class='ocr_line' id='line_1_23' title="bbox 355 1203 967 1244; baseline -0.002 -7"><span class='ocrx_word' id='word_1_80' title='bbox 355 1205 518 1237; x_wconf 86' lang='lat' dir='ltr'>Praebens</span> <span class='ocrx_word' id='word_1_81' title='bbox 545 1213 588 1244; x_wconf 85' lang='lat' dir='ltr'>se,</span> <span class='ocrx_word' id='word_1_82' title='bbox 618 1209 777 1244; x_wconf 82' lang='lat' dir='ltr'>tamquam</span> <span class='ocrx_word' id='word_1_83' title='bbox 804 1204 846 1235; x_wconf 87' lang='lat' dir='ltr'>sit</span> <span class='ocrx_word' id='word_1_84' title='bbox 872 1203 967 1236; x_wconf 83' lang='lat' dir='ltr'>Deus.</span> 
     </span>
     <span class='ocr_line' id='line_1_24' title="bbox 450 1249 753 1293; baseline -0.01 -8"><span class='ocrx_word' id='word_1_85' title='bbox 450 1249 490 1286; x_wconf 91' lang='lat' dir='ltr'>R.</span> <span class='ocrx_word' id='word_1_86' title='bbox 526 1253 605 1293; x_wconf 87' lang='lat' dir='ltr'>Heu,</span> <span class='ocrx_word' id='word_1_87' title='bbox 635 1252 753 1292; x_wconf 83' lang='lat' dir='ltr'>miseri,</span> 
     </span>
     <span class='ocr_line' id='line_1_25' title="bbox 523 1300 762 1339; baseline -0.008 -7"><span class='ocrx_word' id='word_1_88' title='bbox 523 1301 606 1339; x_wconf 86' lang='lat' dir='ltr'>Heu,</span> <span class='ocrx_word' id='word_1_89' title='bbox 634 1300 762 1331; x_wconf 83' lang='lat' dir='ltr'>miseri!</span> 
     </span>
     <span class='ocr_line' id='line_1_26' title="bbox 521 1347 915 1389; baseline -0.008 -9"><span class='ocrx_word' id='word_1_90' title='bbox 521 1348 615 1389; x_wconf 84' lang='lat' dir='ltr'>Quid,</span> <span class='ocrx_word' id='word_1_91' title='bbox 644 1348 746 1385; x_wconf 85' lang='lat' dir='ltr'>homo,</span> <span class='ocrx_word' id='word_1_92' title='bbox 774 1347 915 1385; x_wconf 83' lang='lat' dir='ltr'>ineptam</span> 
     </span>
     <span class='ocr_line' id='line_1_27' title="bbox 523 1395 881 1435; baseline -0.008 -7"><span class='ocrx_word' id='word_1_93' title='bbox 523 1395 674 1435; x_wconf 88' lang='lat' dir='ltr'>Sequeris</span> <span class='ocrx_word' id='word_1_94' title='bbox 698 1395 881 1426; x_wconf 67' lang='lat' dir='ltr'>laetitiam?</span> 
     </span>
    </p>
   </div>
   <div class='ocr_carea' id='block_1_5' title="bbox 287 1455 1118 2077">
    <p class='ocr_par' dir='ltr' id='par_1_7' title="bbox 287 1455 1118 1594">
     <span class='ocr_line' id='line_1_28' title="bbox 287 1455 960 1497; baseline -0.009 -5"><span class='ocrx_word' id='word_1_95' title='bbox 287 1459 324 1492; x_wconf 83' lang='lat'>8.</span> <span class='ocrx_word' id='word_1_96' title='bbox 350 1455 414 1491; x_wconf 76' lang='lat' dir='ltr'>flio</span> <span class='ocrx_word' id='word_1_97' title='bbox 443 1466 549 1497; x_wconf 85' lang='lat' dir='ltr'>regem</span> <span class='ocrx_word' id='word_1_98' title='bbox 577 1458 656 1489; x_wconf 86' lang='lat' dir='ltr'>caeli</span> <span class='ocrx_word' id='word_1_99' title='bbox 684 1465 718 1488; x_wconf 90' lang='lat' dir='ltr'>se</span> <span class='ocrx_word' id='word_1_100' title='bbox 745 1455 960 1497; x_wconf 81' lang='lat' dir='ltr'>praedicabit,</span> 
     </span>
     <span class='ocr_line' id='line_1_29' title="bbox 351 1504 788 1545; baseline -0.007 -8"><span class='ocrx_word' id='word_1_101' title='bbox 351 1506 389 1538; x_wconf 89' lang='lat' dir='ltr'>In</span> <span class='ocrx_word' id='word_1_102' title='bbox 416 1505 537 1545; x_wconf 89' lang='lat' dir='ltr'>templo</span> <span class='ocrx_word' id='word_1_103' title='bbox 563 1505 625 1536; x_wconf 87' lang='lat' dir='ltr'>Dei</span> <span class='ocrx_word' id='word_1_104' title='bbox 651 1504 788 1541; x_wconf 86' lang='lat' dir='ltr'>sedebit,</span> 
     </span>
     <span class='ocr_line' id='line_1_30' title="bbox 352 1548 1118 1594; baseline -0.007 -7"><span class='ocrx_word' id='word_1_105' title='bbox 352 1554 522 1588; x_wconf 86' lang='lat' dir='ltr'>Pervertet</span> <span class='ocrx_word' id='word_1_106' title='bbox 547 1553 684 1594; x_wconf 89' lang='lat' dir='ltr'>populos</span> <span class='ocrx_word' id='word_1_107' title='bbox 712 1548 732 1568; x_wconf 81' lang='lat'>*</span> <span class='ocrx_word' id='word_1_108' title='bbox 759 1558 829 1584; x_wconf 82' lang='lat' dir='ltr'>arte</span> <span class='ocrx_word' id='word_1_109' title='bbox 856 1551 936 1584; x_wconf 83' lang='lat' dir='ltr'>mira</span> <span class='ocrx_word' id='word_1_110' title='bbox 962 1551 1118 1592; x_wconf 77' lang='lat' dir='ltr'>nocendi;</span> 
     </span>
    </p>

    <p class='ocr_par' dir='ltr' id='par_1_8' title="bbox 449 1601 755 1642">
     <span class='ocr_line' id='line_1_31' title="bbox 449 1601 755 1642; baseline -0.013 -7"><span class='ocrx_word' id='word_1_111' title='bbox 449 1601 593 1642; x_wconf 88' lang='lat' dir='ltr'>Cupidos</span> <span class='ocrx_word' id='word_1_112' title='bbox 618 1609 755 1641; x_wconf 84' lang='lat' dir='ltr'>namque</span> 
     </span>
    </p>

    <p class='ocr_par' dir='ltr' id='par_1_9' title="bbox 449 1648 796 1687">
     <span class='ocr_line' id='line_1_32' title="bbox 449 1648 796 1687; baseline -0.006 -6"><span class='ocrx_word' id='word_1_113' title='bbox 449 1649 577 1682; x_wconf 84' lang='lat' dir='ltr'>Flectet</span> <span class='ocrx_word' id='word_1_114' title='bbox 602 1648 796 1687; x_wconf 80' lang='lat' dir='ltr'>muneribus,</span> 
     </span>
    </p>

    <p class='ocr_par' dir='ltr' id='par_1_10' title="bbox 449 1697 726 1740">
     <span class='ocr_line' id='line_1_33' title="bbox 449 1697 726 1740; baseline -0.011 -9"><span class='ocrx_word' id='word_1_115' title='bbox 449 1697 565 1730; x_wconf 87' lang='lat' dir='ltr'>Fortes</span> <span class='ocrx_word' id='word_1_116' title='bbox 591 1698 625 1729; x_wconf 90' lang='lat' dir='ltr'>in</span> <span class='ocrx_word' id='word_1_117' title='bbox 651 1697 726 1740; x_wconf 79' lang='lat' dir='ltr'>fide,</span> 
     </span>
    </p>

    <p class='ocr_par' dir='ltr' id='par_1_11' title="bbox 352 1746 946 1876">
     <span class='ocr_line' id='line_1_34' title="bbox 449 1746 823 1785; baseline -0.011 -5"><span class='ocrx_word' id='word_1_118' title='bbox 449 1746 640 1780; x_wconf 80' lang='lat' dir='ltr'>Constantes</span> <span class='ocrx_word' id='word_1_119' title='bbox 664 1746 698 1778; x_wconf 85' lang='lat' dir='ltr'>in</span> <span class='ocrx_word' id='word_1_120' title='bbox 724 1753 823 1785; x_wconf 87' lang='lat' dir='ltr'>opere</span> 
     </span>
     <span class='ocr_line' id='line_1_35' title="bbox 352 1793 946 1834; baseline -0.007 -7"><span class='ocrx_word' id='word_1_121' title='bbox 352 1794 504 1827; x_wconf 84' lang='lat' dir='ltr'>Terrebit</span> <span class='ocrx_word' id='word_1_122' title='bbox 529 1795 630 1834; x_wconf 67' lang='lat' dir='ltr'>signo,</span> <span class='ocrx_word' id='word_1_123' title='bbox 658 1793 798 1834; x_wconf 80' lang='lat' dir='ltr'>pulsabit</span> <span class='ocrx_word' id='word_1_124' title='bbox 825 1793 946 1834; x_wconf 84' lang='lat' dir='ltr'>poenis,</span> 
     </span>
     <span class='ocr_line' id='line_1_36' title="bbox 354 1841 905 1876; baseline -0.005 0"><span class='ocrx_word' id='word_1_125' title='bbox 354 1842 500 1876; x_wconf 86' lang='lat' dir='ltr'>Disertos</span> <span class='ocrx_word' id='word_1_126' title='bbox 527 1842 625 1875; x_wconf 92' lang='lat' dir='ltr'>verbo</span> <span class='ocrx_word' id='word_1_127' title='bbox 652 1842 761 1874; x_wconf 86' lang='lat' dir='ltr'>eludet</span> <span class='ocrx_word' id='word_1_128' title='bbox 788 1841 905 1874; x_wconf 83' lang='lat' dir='ltr'>verbis.</span> 
     </span>
    </p>

    <p class='ocr_par' dir='ltr' id='par_1_12' title="bbox 448 1888 753 1934">
     <span class='ocr_line' id='line_1_37' title="bbox 448 1888 753 1934; baseline -0.013 -9"><span class='ocrx_word' id='word_1_129' title='bbox 448 1888 490 1925; x_wconf 91' lang='lat' dir='ltr'>R.</span> <span class='ocrx_word' id='word_1_130' title='bbox 522 1891 603 1934; x_wconf 90' lang='lat' dir='ltr'>Heu,</span> <span class='ocrx_word' id='word_1_131' title='bbox 632 1890 753 1930; x_wconf 82' lang='lat' dir='ltr'>miseri,</span> 
     </span>
    </p>

    <p class='ocr_par' dir='ltr' id='par_1_13' title="bbox 521 1939 916 2077">
     <span class='ocr_line' id='line_1_38' title="bbox 522 1939 758 1979; baseline -0.008 -7"><span class='ocrx_word' id='word_1_132' title='bbox 522 1940 604 1979; x_wconf 73' lang='lat' dir='ltr'>Heu,</span> <span class='ocrx_word' id='word_1_133' title='bbox 630 1939 758 1971; x_wconf 86' lang='lat' dir='ltr'>miseri!</span> 
     </span>
     <span class='ocr_line' id='line_1_39' title="bbox 521 1988 916 2029; baseline -0.01 -9"><span class='ocrx_word' id='word_1_134' title='bbox 521 1989 617 2029; x_wconf 81' lang='lat' dir='ltr'>Quid,</span> <span class='ocrx_word' id='word_1_135' title='bbox 646 1988 748 2027; x_wconf 86' lang='lat' dir='ltr'>homo,</span> <span class='ocrx_word' id='word_1_136' title='bbox 775 1988 916 2026; x_wconf 87' lang='lat' dir='ltr'>ineptam</span> 
     </span>
     <span class='ocr_line' id='line_1_40' title="bbox 523 2034 884 2077; baseline -0.008 -8"><span class='ocrx_word' id='word_1_137' title='bbox 523 2036 673 2077; x_wconf 88' lang='lat' dir='ltr'>Sequeris</span> <span class='ocrx_word' id='word_1_138' title='bbox 700 2034 884 2068; x_wconf 76' lang='lat' dir='ltr'>laetitiam?</span> 
     </span>
    </p>
   </div>
   <div class='ocr_carea' id='block_1_6' title="bbox 290 2098 1066 2429">
    <p class='ocr_par' dir='ltr' id='par_1_14' title="bbox 290 2098 1066 2429">
     <span class='ocr_line' id='line_1_41' title="bbox 290 2098 886 2140; baseline -0.01 -5"><span class='ocrx_word' id='word_1_139' title='bbox 290 2103 326 2136; x_wconf 83' lang='lat'>9.</span> <span class='ocrx_word' id='word_1_140' title='bbox 354 2098 416 2135; x_wconf 90' lang='lat' dir='ltr'>Ille</span> <span class='ocrx_word' id='word_1_141' title='bbox 442 2104 520 2132; x_wconf 86' lang='lat' dir='ltr'>nutu</span> <span class='ocrx_word' id='word_1_142' title='bbox 547 2099 722 2140; x_wconf 83' lang='lat' dir='ltr'>permissus</span> <span class='ocrx_word' id='word_1_143' title='bbox 748 2106 886 2137; x_wconf 87' lang='lat' dir='ltr'>superno</span> 
     </span>
     <span class='ocr_line' id='line_1_42' title="bbox 356 2147 833 2190; baseline -0.008 -9"><span class='ocrx_word' id='word_1_144' title='bbox 356 2148 517 2190; x_wconf 84' lang='lat' dir='ltr'>Regnabit</span> <span class='ocrx_word' id='word_1_145' title='bbox 543 2148 574 2179; x_wconf 92' lang='lat' dir='ltr'>in</span> <span class='ocrx_word' id='word_1_146' title='bbox 601 2152 669 2179; x_wconf 90' lang='lat' dir='ltr'>toto</span> <span class='ocrx_word' id='word_1_147' title='bbox 695 2147 833 2185; x_wconf 82' lang='lat' dir='ltr'>mund03</span> 
     </span>
     <span class='ocr_line' id='line_1_43' title="bbox 357 2191 1066 2235; baseline -0.01 -6"><span class='ocrx_word' id='word_1_148' title='bbox 357 2196 516 2230; x_wconf 82' lang='lat' dir='ltr'>Gentibus</span> <span class='ocrx_word' id='word_1_149' title='bbox 543 2195 671 2235; x_wconf 88' lang='lat' dir='ltr'>populis</span> <span class='ocrx_word' id='word_1_150' title='bbox 700 2192 718 2212; x_wconf 95' lang='lat'><em>*</em></span> <span class='ocrx_word' id='word_1_151' title='bbox 747 2194 880 2226; x_wconf 85' lang='lat' dir='ltr'>credere</span> <span class='ocrx_word' id='word_1_152' title='bbox 906 2191 1066 2232; x_wconf 87' lang='lat' dir='ltr'>suadebit,</span> 
     </span>
     <span class='ocr_line' id='line_1_44' title="bbox 453 2244 673 2277; baseline -0.018 0"><span class='ocrx_word' id='word_1_153' title='bbox 453 2244 567 2277; x_wconf 87' lang='lat' dir='ltr'>Faciet</span> <span class='ocrx_word' id='word_1_154' title='bbox 592 2244 673 2274; x_wconf 87' lang='lat' dir='ltr'>mira</span> 
     </span>
     <span class='ocr_line' id='line_1_45' title="bbox 455 2293 760 2330; baseline -0.007 -7"><span class='ocrx_word' id='word_1_155' title='bbox 455 2293 609 2324; x_wconf 86' lang='lat' dir='ltr'>Portenta</span> <span class='ocrx_word' id='word_1_156' title='bbox 635 2299 760 2330; x_wconf 85' lang='lat' dir='ltr'>magna,</span> 
     </span>
     <span class='ocr_line' id='line_1_46' title="bbox 456 2337 794 2379; baseline -0.006 -8"><span class='ocrx_word' id='word_1_157' title='bbox 456 2338 594 2379; x_wconf 84' lang='lat' dir='ltr'>Colliget</span> <span class='ocrx_word' id='word_1_158' title='bbox 619 2337 794 2377; x_wconf 86' lang='lat' dir='ltr'>discipulos</span> 
     </span>
     <span class='ocr_line' id='line_1_47' title="bbox 454 2385 839 2429; baseline -0.005 -10"><span class='ocrx_word' id='word_1_159' title='bbox 454 2387 610 2419; x_wconf 79' lang='lat' dir='ltr'>versutos</span> <span class='ocrx_word' id='word_1_160' title='bbox 637 2390 668 2417; x_wconf 83' lang='lat' dir='ltr'>et</span> <span class='ocrx_word' id='word_1_161' title='bbox 694 2385 839 2429; x_wconf 87' lang='lat' dir='ltr'>callidos,</span> 
     </span>
    </p>
   </div>
   <div class='ocr_carea' id='block_1_7' title="bbox 1216 2437 1278 2467">
    <p class='ocr_par' dir='ltr' id='par_1_15' title="bbox 1216 2437 1278 2467">
     <span class='ocr_line' id='line_1_48' title="bbox 1216 2437 1278 2467; baseline 0.016 -1"><span class='ocrx_word' id='word_1_162' title='bbox 1216 2437 1278 2467; x_wconf 75' lang='lat'>24*</span> 
     </span>
    </p>
   </div>
  </div>
 </body>
</html>
