<?xml version="1.0" encoding="UTF-8"?>
<!DOCTYPE html PUBLIC "-//W3C//DTD XHTML 1.0 Transitional//EN"
    "http://www.w3.org/TR/xhtml1/DTD/xhtml1-transitional.dtd">
<html xmlns="http://www.w3.org/1999/xhtml" xml:lang="en" lang="en">
 <head>
  <title>
</title>
<meta http-equiv="Content-Type" content="text/html;charset=utf-8" />
  <meta name='ocr-system' content='tesseract 3.04.00' />
  <meta name='ocr-capabilities' content='ocr_page ocr_carea ocr_par ocr_line ocrx_word'/>
</head>
<body>
  <div class='ocr_page' id='page_1' title='image "./analectahymnica49drevuoft_0177.png"; bbox 0 0 1653 2689; ppageno 0'>
   <div class='ocr_carea' id='block_1_1' title="bbox 523 263 580 477">
    <p class='ocr_par' dir='ltr' id='par_1_1' title="bbox 523 263 580 477">
     <span class='ocr_line' id='line_1_1' title="bbox 527 263 580 296; baseline 0 0"><span class='ocrx_word' id='word_1_1' title='bbox 527 263 580 296; x_wconf 90' lang='lat'>19.</span> 
     </span>
     <span class='ocr_line' id='line_1_2' title="bbox 526 355 580 387; baseline 0.019 -1"><span class='ocrx_word' id='word_1_2' title='bbox 526 355 580 387; x_wconf 88' lang='lat'>20.</span> 
     </span>
     <span class='ocr_line' id='line_1_3' title="bbox 523 445 579 477; baseline 0 0"><span class='ocrx_word' id='word_1_3' title='bbox 523 445 579 477; x_wconf 91' lang='lat'>21.</span> 
     </span>
    </p>
   </div>
   <div class='ocr_carea' id='block_1_2' title="bbox 525 533 580 564">
    <p class='ocr_par' dir='ltr' id='par_1_2' title="bbox 525 533 580 564">
     <span class='ocr_line' id='line_1_4' title="bbox 525 533 580 564; baseline 0 -1"><span class='ocrx_word' id='word_1_4' title='bbox 525 533 580 564; x_wconf 80' lang='lat'>22.</span> 
     </span>
    </p>
   </div>
   <div class='ocr_carea' id='block_1_3' title="bbox 525 618 580 649">
    <p class='ocr_par' dir='ltr' id='par_1_3' title="bbox 525 618 580 649">
     <span class='ocr_line' id='line_1_5' title="bbox 525 618 580 649; baseline 0 0"><span class='ocrx_word' id='word_1_5' title='bbox 525 618 580 649; x_wconf 85' lang='lat'>23.</span> 
     </span>
    </p>
   </div>
   <div class='ocr_carea' id='block_1_4' title="bbox 525 752 580 869">
    <p class='ocr_par' dir='ltr' id='par_1_4' title="bbox 525 752 580 869">
     <span class='ocr_line' id='line_1_6' title="bbox 525 752 580 783; baseline 0 -1"><span class='ocrx_word' id='word_1_6' title='bbox 525 752 580 783; x_wconf 88' lang='lat'>24.</span> 
     </span>
     <span class='ocr_line' id='line_1_7' title="bbox 525 838 580 869; baseline 0 -1"><span class='ocrx_word' id='word_1_7' title='bbox 525 838 580 869; x_wconf 88' lang='lat'>25.</span> 
     </span>
    </p>
   </div>
   <div class='ocr_carea' id='block_1_5' title="bbox 528 1057 583 1089">
    <p class='ocr_par' dir='ltr' id='par_1_5' title="bbox 528 1057 583 1089">
     <span class='ocr_line' id='line_1_8' title="bbox 528 1057 583 1089; baseline 0 -1"><span class='ocrx_word' id='word_1_8' title='bbox 528 1057 583 1089; x_wconf 85' lang='lat'>27.</span> 
     </span>
    </p>
   </div>
   <div class='ocr_carea' id='block_1_6' title="bbox 526 1191 584 1479">
    <p class='ocr_par' dir='ltr' id='par_1_6' title="bbox 526 1191 584 1479">
     <span class='ocr_line' id='line_1_9' title="bbox 527 1191 581 1222; baseline -0.019 0"><span class='ocrx_word' id='word_1_9' title='bbox 527 1191 581 1222; x_wconf 88' lang='lat'>28.</span> 
     </span>
     <span class='ocr_line' id='line_1_10' title="bbox 526 1276 581 1307; baseline -0.018 0"><span class='ocrx_word' id='word_1_10' title='bbox 526 1276 581 1307; x_wconf 84' lang='lat'>29.</span> 
     </span>
     <span class='ocr_line' id='line_1_11' title="bbox 527 1361 582 1393; baseline -0.018 0"><span class='ocrx_word' id='word_1_11' title='bbox 527 1361 582 1393; x_wconf 89' lang='lat'>30.</span> 
     </span>
     <span class='ocr_line' id='line_1_12' title="bbox 529 1447 584 1479; baseline 0.018 -1"><span class='ocrx_word' id='word_1_12' title='bbox 529 1447 584 1479; x_wconf 89' lang='lat'>31.</span> 
     </span>
    </p>
   </div>
   <div class='ocr_carea' id='block_1_7' title="bbox 526 1579 585 1869">
    <p class='ocr_par' dir='ltr' id='par_1_7' title="bbox 526 1579 585 1869">
     <span class='ocr_line' id='line_1_13' title="bbox 528 1579 583 1612; baseline 0.018 -1"><span class='ocrx_word' id='word_1_13' title='bbox 528 1579 583 1612; x_wconf 87' lang='lat'>32.</span> 
     </span>
     <span class='ocr_line' id='line_1_14' title="bbox 530 1666 585 1698; baseline 0.036 -2"><span class='ocrx_word' id='word_1_14' title='bbox 530 1666 585 1698; x_wconf 82' lang='lat'>33.</span> 
     </span>
     <span class='ocr_line' id='line_1_15' title="bbox 528 1751 584 1782; baseline 0 0"><span class='ocrx_word' id='word_1_15' title='bbox 528 1751 584 1782; x_wconf 89' lang='lat'>34.</span> 
     </span>
     <span class='ocr_line' id='line_1_16' title="bbox 526 1837 581 1869; baseline 0.018 -1"><span class='ocrx_word' id='word_1_16' title='bbox 526 1837 581 1869; x_wconf 90' lang='lat'>35.</span> 
     </span>
    </p>
   </div>
   <div class='ocr_carea' id='block_1_8' title="bbox 525 2018 583 2394">
    <p class='ocr_par' dir='ltr' id='par_1_8' title="bbox 525 2018 583 2394">
     <span class='ocr_line' id='line_1_17' title="bbox 528 2018 583 2049; baseline 0 0"><span class='ocrx_word' id='word_1_17' title='bbox 528 2018 583 2049; x_wconf 87' lang='lat'>36.</span> 
     </span>
     <span class='ocr_line' id='line_1_18' title="bbox 525 2103 581 2138; baseline 0.036 -3"><span class='ocrx_word' id='word_1_18' title='bbox 525 2103 581 2138; x_wconf 84' lang='lat'>37.</span> 
     </span>
     <span class='ocr_line' id='line_1_19' title="bbox 527 2189 583 2223; baseline 0 -1"><span class='ocrx_word' id='word_1_19' title='bbox 527 2189 583 2223; x_wconf 86' lang='lat'>38.</span> 
     </span>
     <span class='ocr_line' id='line_1_20' title="bbox 525 2276 581 2308; baseline 0 0"><span class='ocrx_word' id='word_1_20' title='bbox 525 2276 581 2308; x_wconf 88' lang='lat'>39.</span> 
     </span>
     <span class='ocr_line' id='line_1_21' title="bbox 525 2363 583 2394; baseline 0 0"><span class='ocrx_word' id='word_1_21' title='bbox 525 2363 583 2394; x_wconf 90' lang='lat'>40.</span> 
     </span>
    </p>
   </div>
   <div class='ocr_carea' id='block_1_9' title="bbox 801 162 1062 198">
    <p class='ocr_par' dir='ltr' id='par_1_9' title="bbox 801 162 1062 198">
     <span class='ocr_line' id='line_1_22' title="bbox 801 162 1062 198; baseline -0.004 -1"><span class='ocrx_word' id='word_1_22' title='bbox 801 162 1062 198; x_wconf 86' lang='lat'>-174—</span> 
     </span>
    </p>
   </div>
   <div class='ocr_carea' id='block_1_10' title="bbox 618 261 1232 917">
    <p class='ocr_par' dir='ltr' id='par_1_10' title="bbox 618 261 1232 917">
     <span class='ocr_line' id='line_1_23' title="bbox 619 261 849 301; baseline -0.017 -7"><span class='ocrx_word' id='word_1_23' title='bbox 619 261 694 294; x_wconf 89' lang='lat' dir='ltr'>Noli</span> <span class='ocrx_word' id='word_1_24' title='bbox 720 268 849 301; x_wconf 85' lang='lat' dir='ltr'>pavere,</span> 
     </span>
     <span class='ocr_line' id='line_1_24' title="bbox 677 305 815 343; baseline -0.014 -8"><span class='ocrx_word' id='word_1_25' title='bbox 677 305 815 343; x_wconf 77' lang='lat' dir='ltr'>reynabz&#39;t</span> 
     </span>
     <span class='ocr_line' id='line_1_25' title="bbox 619 350 1017 386; baseline -0.013 0"><span class='ocrx_word' id='word_1_26' title='bbox 619 354 657 386; x_wconf 92' lang='lat' dir='ltr'>In</span> <span class='ocrx_word' id='word_1_27' title='bbox 685 357 849 384; x_wconf 85' lang='lat' dir='ltr'>aeternum</span> <span class='ocrx_word' id='word_1_28' title='bbox 875 354 907 382; x_wconf 84' lang='lat' dir='ltr'>et</span> <span class='ocrx_word' id='word_1_29' title='bbox 931 350 1017 382; x_wconf 81' lang='lat' dir='ltr'>ultra</span> 
     </span>
     <span class='ocr_line' id='line_1_26' title="bbox 676 397 867 432; baseline -0.01 -6"><span class='ocrx_word' id='word_1_30' title='bbox 676 397 763 426; x_wconf 80' lang='lat' dir='ltr'>Deus</span> <span class='ocrx_word' id='word_1_31' title='bbox 785 399 867 432; x_wconf 70' lang='lat' dir='ltr'>tuus,</span> 
     </span>
     <span class='ocr_line' id='line_1_27' title="bbox 618 441 982 483; baseline -0.005 -7"><span class='ocrx_word' id='word_1_32' title='bbox 618 445 647 476; x_wconf 86' lang='lat' dir='ltr'>A</span> <span class='ocrx_word' id='word_1_33' title='bbox 673 448 766 483; x_wconf 87' lang='lat' dir='ltr'>patre</span> <span class='ocrx_word' id='word_1_34' title='bbox 790 441 982 483; x_wconf 85' lang='lat' dir='ltr'>unigenitus.</span> 
     </span>
     <span class='ocr_line' id='line_1_28' title="bbox 684 488 748 518; baseline 0 -1"><span class='ocrx_word' id='word_1_35' title='bbox 684 488 748 518; x_wconf 72' lang='lat' dir='ltr'>Vox</span> 
     </span>
     <span class='ocr_line' id='line_1_29' title="bbox 620 528 967 562; baseline -0.012 0"><span class='ocrx_word' id='word_1_36' title='bbox 620 530 715 562; x_wconf 82' lang='lat' dir='ltr'>Clara</span> <span class='ocrx_word' id='word_1_37' title='bbox 741 538 817 560; x_wconf 85' lang='lat' dir='ltr'>ecce</span> <span class='ocrx_word' id='word_1_38' title='bbox 842 528 967 560; x_wconf 85' lang='lat' dir='ltr'>intonat</span> 
     </span>
     <span class='ocr_line' id='line_1_30' title="bbox 677 573 1050 611; baseline -0.008 -8"><span class='ocrx_word' id='word_1_39' title='bbox 677 573 898 611; x_wconf 74' lang='lat' dir='ltr'><em>speculatorum</em></span> <span class='ocrx_word' id='word_1_40' title='bbox 919 576 1050 607; x_wconf 73' lang='lat' dir='ltr'>tuorum,</span> 
     </span>
     <span class='ocr_line' id='line_1_31' title="bbox 619 613 1132 656; baseline -0.006 -9"><span class='ocrx_word' id='word_1_41' title='bbox 619 617 755 656; x_wconf 88' lang='lat' dir='ltr'>Quorum</span> <span class='ocrx_word' id='word_1_42' title='bbox 783 619 956 655; x_wconf 83' lang='lat' dir='ltr'>praecepto</span> <span class='ocrx_word' id='word_1_43' title='bbox 981 613 1132 645; x_wconf 81' lang='lat' dir='ltr'>subditur</span> 
     </span>
     <span class='ocr_line' id='line_1_32' title="bbox 621 661 1114 702; baseline -0.006 -7"><span class='ocrx_word' id='word_1_44' title='bbox 621 664 713 696; x_wconf 84' lang='lat' dir='ltr'>Salus</span> <span class='ocrx_word' id='word_1_45' title='bbox 741 667 770 694; x_wconf 91' lang='lat' dir='ltr'>et</span> <span class='ocrx_word' id='word_1_46' title='bbox 797 664 930 702; x_wconf 79' lang='lat' dir='ltr'>languor</span> <span class='ocrx_word' id='word_1_47' title='bbox 955 661 1114 702; x_wconf 91' lang='lat' dir='ltr'>omnium;</span> 
     </span>
     <span class='ocr_line' id='line_1_33' title="bbox 675 709 964 737; baseline -0.007 -1"><span class='ocrx_word' id='word_1_48' title='bbox 675 709 846 737; x_wconf 66' lang='lat' dir='ltr'>levaverunt</span> <span class='ocrx_word' id='word_1_49' title='bbox 866 715 964 736; x_wconf 73' lang='lat' dir='ltr'>vocem</span> 
     </span>
     <span class='ocr_line' id='line_1_34' title="bbox 619 749 842 786; baseline -0.009 -4"><span class='ocrx_word' id='word_1_50' title='bbox 619 749 842 786; x_wconf 79' lang='lat' dir='ltr'>Iucunditatis,</span> 
     </span>
     <span class='ocr_line' id='line_1_35' title="bbox 677 793 961 823; baseline -0.007 -1"><span class='ocrx_word' id='word_1_51' title='bbox 677 794 768 823; x_wconf 70' lang='lat' dir='ltr'>simul</span> <span class='ocrx_word' id='word_1_52' title='bbox 789 793 961 822; x_wconf 71' lang='lat' dir='ltr'>laudabunt</span> 
     </span>
     <span class='ocr_line' id='line_1_36' title="bbox 619 833 1232 875; baseline -0.005 -8"><span class='ocrx_word' id='word_1_53' title='bbox 619 836 786 867; x_wconf 84' lang='lat' dir='ltr'>Viventem</span> <span class='ocrx_word' id='word_1_54' title='bbox 812 835 844 866; x_wconf 91' lang='lat' dir='ltr'>in</span> <span class='ocrx_word' id='word_1_55' title='bbox 871 834 998 866; x_wconf 77' lang='lat' dir='ltr'>saecula</span> <span class='ocrx_word' id='word_1_56' title='bbox 1023 833 1232 875; x_wconf 84' lang='lat' dir='ltr'>saeculorum,</span> 
     </span>
     <span class='ocr_line' id='line_1_37' title="bbox 677 877 1215 917; baseline -0.006 -8"><span class='ocrx_word' id='word_1_57' title='bbox 677 881 750 917; x_wconf 73' lang='lat' dir='ltr'>quia</span> <span class='ocrx_word' id='word_1_58' title='bbox 770 880 855 909; x_wconf 69' lang='lat' dir='ltr'>oculo</span> <span class='ocrx_word' id='word_1_59' title='bbox 877 878 917 908; x_wconf 80' lang='lat' dir='ltr'>ad</span> <span class='ocrx_word' id='word_1_60' title='bbox 937 878 1053 908; x_wconf 75' lang='lat' dir='ltr'>oculum</span> <span class='ocrx_word' id='word_1_61' title='bbox 1073 877 1215 907; x_wconf 77' lang='lat' dir='ltr'>videbunt</span> 
     </span>
    </p>
   </div>
   <div class='ocr_carea' id='block_1_11' title="bbox 574 920 1034 959">
    <p class='ocr_par' dir='ltr' id='par_1_11' title="bbox 574 920 1034 959">
     <span class='ocr_line' id='line_1_38' title="bbox 574 920 1034 959; baseline -0.011 -3"><span class='ocrx_word' id='word_1_62' title='bbox 574 948 581 956; x_wconf 89' lang='lat'>.</span> <span class='ocrx_word' id='word_1_63' title='bbox 621 922 810 954; x_wconf 81' lang='lat' dir='ltr'>Districtum</span> <span class='ocrx_word' id='word_1_64' title='bbox 837 921 879 952; x_wconf 82' lang='lat' dir='ltr'>ad</span> <span class='ocrx_word' id='word_1_65' title='bbox 904 920 1034 959; x_wconf 76' lang='lat' dir='ltr'>iudicia,</span> 
     </span>
    </p>
   </div>
   <div class='ocr_carea' id='block_1_12' title="bbox 616 967 1488 2401">
    <p class='ocr_par' dir='ltr' id='par_1_12' title="bbox 616 967 1224 1045">
     <span class='ocr_line' id='line_1_39' title="bbox 616 967 1050 1008; baseline -0.007 -7"><span class='ocrx_word' id='word_1_66' title='bbox 616 970 811 1002; x_wconf 78' lang='lat' dir='ltr'>Clementem</span> <span class='ocrx_word' id='word_1_67' title='bbox 838 969 870 999; x_wconf 90' lang='lat' dir='ltr'>in</span> <span class='ocrx_word' id='word_1_68' title='bbox 897 967 1050 1008; x_wconf 70' lang='lat' dir='ltr'>potentia,</span> 
     </span>
     <span class='ocr_line' id='line_1_40' title="bbox 677 1010 1224 1045; baseline -0.005 -3"><span class='ocrx_word' id='word_1_69' title='bbox 677 1023 741 1043; x_wconf 75' lang='lat' dir='ltr'>cnm</span> <span class='ocrx_word' id='word_1_70' title='bbox 765 1013 941 1042; x_wconf 64' lang='lat' dir='ltr'>converterit</span> <span class='ocrx_word' id='word_1_71' title='bbox 962 1012 1115 1042; x_wconf 77' lang='lat' dir='ltr'>Dominus</span> <span class='ocrx_word' id='word_1_72' title='bbox 1137 1010 1224 1045; x_wconf 75' lang='lat' dir='ltr'>Sion,</span> 
     </span>
    </p>

    <p class='ocr_par' dir='ltr' id='par_1_13' title="bbox 623 1055 1063 1094">
     <span class='ocr_line' id='line_1_41' title="bbox 623 1055 1063 1094; baseline -0.007 -7"><span class='ocrx_word' id='word_1_73' title='bbox 623 1055 742 1087; x_wconf 78' lang='lat' dir='ltr'>Nostra</span> <span class='ocrx_word' id='word_1_74' title='bbox 767 1060 802 1086; x_wconf 85' lang='lat' dir='ltr'>ut</span> <span class='ocrx_word' id='word_1_75' title='bbox 827 1063 907 1094; x_wconf 83' lang='lat' dir='ltr'>pura</span> <span class='ocrx_word' id='word_1_76' title='bbox 933 1057 1063 1093; x_wconf 79' lang='lat' dir='ltr'>pectora</span> 
     </span>
    </p>

    <p class='ocr_par' dir='ltr' id='par_1_14' title="bbox 625 1103 924 1176">
     <span class='ocr_line' id='line_1_42' title="bbox 625 1103 924 1141; baseline 0 -6"><span class='ocrx_word' id='word_1_77' title='bbox 625 1103 694 1135; x_wconf 87' lang='lat' dir='ltr'>Sint</span> <span class='ocrx_word' id='word_1_78' title='bbox 721 1108 752 1134; x_wconf 84' lang='lat' dir='ltr'>et</span> <span class='ocrx_word' id='word_1_79' title='bbox 778 1111 924 1141; x_wconf 86' lang='lat' dir='ltr'>corpora.</span> 
     </span>
     <span class='ocr_line' id='line_1_43' title="bbox 678 1147 812 1176; baseline -0.007 0"><span class='ocrx_word' id='word_1_80' title='bbox 678 1147 812 1176; x_wconf 76' lang='lat' dir='ltr'>Gaudete</span> 
     </span>
    </p>

    <p class='ocr_par' dir='ltr' id='par_1_15' title="bbox 621 1189 971 1262">
     <span class='ocr_line' id='line_1_44' title="bbox 621 1189 971 1226; baseline -0.006 -6"><span class='ocrx_word' id='word_1_81' title='bbox 621 1189 657 1220; x_wconf 94' lang='lat' dir='ltr'>In</span> <span class='ocrx_word' id='word_1_82' title='bbox 684 1189 820 1220; x_wconf 89' lang='lat' dir='ltr'>Domino</span> <span class='ocrx_word' id='word_1_83' title='bbox 845 1195 971 1226; x_wconf 86' lang='lat' dir='ltr'>semper</span> 
     </span>
     <span class='ocr_line' id='line_1_45' title="bbox 677 1231 957 1262; baseline -0.007 0"><span class='ocrx_word' id='word_1_84' title='bbox 677 1236 702 1262; x_wconf 74' lang='lat' dir='ltr'>et</span> <span class='ocrx_word' id='word_1_85' title='bbox 724 1232 845 1262; x_wconf 69' lang='lat' dir='ltr'>laudate</span> <span class='ocrx_word' id='word_1_86' title='bbox 866 1231 957 1260; x_wconf 78' lang='lat' dir='ltr'>simul</span> 
     </span>
    </p>

    <p class='ocr_par' dir='ltr' id='par_1_16' title="bbox 620 1272 1111 1351">
     <span class='ocr_line' id='line_1_46' title="bbox 620 1272 1111 1311; baseline -0.006 -5"><span class='ocrx_word' id='word_1_87' title='bbox 620 1275 796 1307; x_wconf 86' lang='lat' dir='ltr'>Pollentem</span> <span class='ocrx_word' id='word_1_88' title='bbox 823 1274 886 1305; x_wconf 86' lang='lat' dir='ltr'>iarn</span> <span class='ocrx_word' id='word_1_89' title='bbox 911 1274 944 1304; x_wconf 90' lang='lat' dir='ltr'>in</span> <span class='ocrx_word' id='word_1_90' title='bbox 969 1272 1111 1311; x_wconf 80' lang='lat' dir='ltr'>aethere,</span> 
     </span>
     <span class='ocr_line' id='line_1_47' title="bbox 679 1318 989 1351; baseline -0.006 -5"><span class='ocrx_word' id='word_1_91' title='bbox 679 1318 793 1347; x_wconf 77' lang='lat' dir='ltr'>deserta</span> <span class='ocrx_word' id='word_1_92' title='bbox 814 1318 989 1351; x_wconf 79' lang='lat' dir='ltr'>Ierusalem,</span> 
     </span>
    </p>

    <p class='ocr_par' dir='ltr' id='par_1_17' title="bbox 621 1358 1014 1440">
     <span class='ocr_line' id='line_1_48' title="bbox 621 1358 1014 1399; baseline -0.005 -8"><span class='ocrx_word' id='word_1_93' title='bbox 621 1360 707 1399; x_wconf 86' lang='lat' dir='ltr'>Quae</span> <span class='ocrx_word' id='word_1_94' title='bbox 731 1363 794 1391; x_wconf 84' lang='lat' dir='ltr'>stat</span> <span class='ocrx_word' id='word_1_95' title='bbox 818 1360 850 1390; x_wconf 88' lang='lat' dir='ltr'>in</span> <span class='ocrx_word' id='word_1_96' title='bbox 877 1358 1014 1398; x_wconf 83' lang='lat' dir='ltr'>excelso,</span> 
     </span>
     <span class='ocr_line' id='line_1_49' title="bbox 678 1403 1012 1440; baseline -0.006 -8"><span class='ocrx_word' id='word_1_97' title='bbox 678 1405 750 1440; x_wconf 79' lang='lat' dir='ltr'>quia</span> <span class='ocrx_word' id='word_1_98' title='bbox 774 1403 949 1432; x_wconf 75' lang='lat' dir='ltr'>consolatus</span> <span class='ocrx_word' id='word_1_99' title='bbox 969 1405 1012 1431; x_wconf 74' lang='lat' dir='ltr'>est</span> 
     </span>
    </p>

    <p class='ocr_par' dir='ltr' id='par_1_18' title="bbox 623 1443 1146 1477">
     <span class='ocr_line' id='line_1_50' title="bbox 623 1443 1146 1477; baseline -0.006 0"><span class='ocrx_word' id='word_1_100' title='bbox 623 1445 826 1477; x_wconf 83' lang='lat' dir='ltr'>Sublevando</span> <span class='ocrx_word' id='word_1_101' title='bbox 852 1444 990 1476; x_wconf 84' lang='lat' dir='ltr'>aetheris</span> <span class='ocrx_word' id='word_1_102' title='bbox 1015 1443 1146 1475; x_wconf 89' lang='lat' dir='ltr'>sedibus</span> 
     </span>
    </p>

    <p class='ocr_par' dir='ltr' id='par_1_19' title="bbox 624 1492 1012 1571">
     <span class='ocr_line' id='line_1_51' title="bbox 624 1492 1012 1532; baseline -0.005 -8"><span class='ocrx_word' id='word_1_103' title='bbox 624 1497 783 1532; x_wconf 72' lang='lat' dir='ltr'>potestate</span> <span class='ocrx_word' id='word_1_104' title='bbox 808 1502 865 1523; x_wconf 85' lang='lat' dir='ltr'>nos</span> <span class='ocrx_word' id='word_1_105' title='bbox 891 1492 1012 1523; x_wconf 80' lang='lat' dir='ltr'>tradita</span> 
     </span>
     <span class='ocr_line' id='line_1_52' title="bbox 679 1537 842 1571; baseline 0 -6"><span class='ocrx_word' id='word_1_106' title='bbox 679 1537 842 1571; x_wconf 75' lang='lat' dir='ltr'>Dominus,</span> 
     </span>
    </p>

    <p class='ocr_par' dir='ltr' id='par_1_20' title="bbox 624 1576 1105 1660">
     <span class='ocr_line' id='line_1_53' title="bbox 624 1576 1105 1615; baseline -0.006 -5"><span class='ocrx_word' id='word_1_107' title='bbox 624 1579 726 1610; x_wconf 84' lang='lat' dir='ltr'>Natus</span> <span class='ocrx_word' id='word_1_108' title='bbox 752 1582 861 1610; x_wconf 81' lang='lat' dir='ltr'>nostra</span> <span class='ocrx_word' id='word_1_109' title='bbox 886 1577 925 1609; x_wconf 92' lang='lat' dir='ltr'>ob</span> <span class='ocrx_word' id='word_1_110' title='bbox 953 1576 1105 1615; x_wconf 85' lang='lat' dir='ltr'>remedia,</span> 
     </span>
     <span class='ocr_line' id='line_1_54' title="bbox 672 1623 944 1660; baseline -0.011 -8"><span class='ocrx_word' id='word_1_111' title='bbox 672 1623 821 1660; x_wconf 75' lang='lat' dir='ltr'>populum</span> <span class='ocrx_word' id='word_1_112' title='bbox 844 1631 944 1656; x_wconf 65' lang='lat' dir='ltr'>suum,</span> 
     </span>
    </p>

    <p class='ocr_par' dir='ltr' id='par_1_21' title="bbox 624 1662 1208 1737">
     <span class='ocr_line' id='line_1_55' title="bbox 624 1662 1208 1703; baseline -0.005 -6"><span class='ocrx_word' id='word_1_113' title='bbox 624 1665 761 1703; x_wconf 85' lang='lat' dir='ltr'>Propter</span> <span class='ocrx_word' id='word_1_114' title='bbox 786 1673 877 1703; x_wconf 87' lang='lat' dir='ltr'>quem</span> <span class='ocrx_word' id='word_1_115' title='bbox 904 1672 1017 1702; x_wconf 83' lang='lat' dir='ltr'>passus</span> <span class='ocrx_word' id='word_1_116' title='bbox 1044 1665 1092 1694; x_wconf 85' lang='lat' dir='ltr'>est</span> <span class='ocrx_word' id='word_1_117' title='bbox 1118 1662 1208 1701; x_wconf 80' lang='lat' dir='ltr'>dira3</span> 
     </span>
     <span class='ocr_line' id='line_1_56' title="bbox 677 1708 983 1737; baseline -0.007 0"><span class='ocrx_word' id='word_1_118' title='bbox 677 1708 799 1737; x_wconf 77' lang='lat' dir='ltr'>redemit</span> <span class='ocrx_word' id='word_1_119' title='bbox 819 1708 983 1737; x_wconf 77' lang='lat' dir='ltr'>Ierusalem</span> 
     </span>
    </p>

    <p class='ocr_par' dir='ltr' id='par_1_22' title="bbox 624 1749 1099 1830">
     <span class='ocr_line' id='line_1_57' title="bbox 624 1749 1099 1782; baseline -0.004 0"><span class='ocrx_word' id='word_1_120' title='bbox 624 1750 772 1782; x_wconf 82' lang='lat' dir='ltr'>Confixus</span> <span class='ocrx_word' id='word_1_121' title='bbox 801 1750 898 1780; x_wconf 84' lang='lat' dir='ltr'>clavis</span> <span class='ocrx_word' id='word_1_122' title='bbox 923 1753 954 1780; x_wconf 83' lang='lat' dir='ltr'>et</span> <span class='ocrx_word' id='word_1_123' title='bbox 979 1749 1099 1780; x_wconf 86' lang='lat' dir='ltr'>lancea.</span> 
     </span>
     <span class='ocr_line' id='line_1_58' title="bbox 678 1793 989 1830; baseline 0 -7"><span class='ocrx_word' id='word_1_124' title='bbox 678 1793 805 1823; x_wconf 62' lang='lat' dir='ltr'>Paravit</span> <span class='ocrx_word' id='word_1_125' title='bbox 826 1793 989 1830; x_wconf 69' lang='lat' dir='ltr'>Dominus,</span> 
     </span>
    </p>

    <p class='ocr_par' dir='ltr' id='par_1_23' title="bbox 621 1836 842 1875">
     <span class='ocr_line' id='line_1_59' title="bbox 621 1836 842 1875; baseline -0.005 -8"><span class='ocrx_word' id='word_1_126' title='bbox 621 1836 657 1867; x_wconf 86' lang='lat' dir='ltr'>In</span> <span class='ocrx_word' id='word_1_127' title='bbox 684 1836 842 1875; x_wconf 82' lang='lat' dir='ltr'>sapientia</span> 
     </span>
    </p>

    <p class='ocr_par' dir='ltr' id='par_1_24' title="bbox 622 1883 934 1924">
     <span class='ocr_line' id='line_1_60' title="bbox 622 1883 934 1924; baseline 0 -10"><span class='ocrx_word' id='word_1_128' title='bbox 622 1883 802 1924; x_wconf 85' lang='lat' dir='ltr'>Disponens</span> <span class='ocrx_word' id='word_1_129' title='bbox 829 1883 934 1914; x_wconf 86' lang='lat' dir='ltr'>omnia</span> 
     </span>
    </p>

    <p class='ocr_par' dir='ltr' id='par_1_25' title="bbox 622 1931 1116 2010">
     <span class='ocr_line' id='line_1_61' title="bbox 622 1931 908 1971; baseline 0 -9"><span class='ocrx_word' id='word_1_130' title='bbox 622 1931 767 1971; x_wconf 81' lang='lat' dir='ltr'>Superna</span> <span class='ocrx_word' id='word_1_131' title='bbox 794 1931 908 1971; x_wconf 77' lang='lat' dir='ltr'>deitas,</span> 
     </span>
     <span class='ocr_line' id='line_1_62' title="bbox 679 1976 1116 2010; baseline -0.002 -6"><span class='ocrx_word' id='word_1_132' title='bbox 679 1976 836 2004; x_wconf 77' lang='lat' dir='ltr'>brachium</span> <span class='ocrx_word' id='word_1_133' title='bbox 857 1978 994 2005; x_wconf 72' lang='lat' dir='ltr'>sanctum</span> <span class='ocrx_word' id='word_1_134' title='bbox 1017 1984 1116 2010; x_wconf 78' lang='lat' dir='ltr'>suum,</span> 
     </span>
    </p>

    <p class='ocr_par' dir='ltr' id='par_1_26' title="bbox 621 2016 1180 2099">
     <span class='ocr_line' id='line_1_63' title="bbox 621 2016 1180 2057; baseline 0 -9"><span class='ocrx_word' id='word_1_135' title='bbox 621 2017 684 2048; x_wconf 90' lang='lat' dir='ltr'>Per</span> <span class='ocrx_word' id='word_1_136' title='bbox 709 2018 793 2056; x_wconf 90' lang='lat' dir='ltr'>quod</span> <span class='ocrx_word' id='word_1_137' title='bbox 820 2016 924 2049; x_wconf 84' lang='lat' dir='ltr'>fracta</span> <span class='ocrx_word' id='word_1_138' title='bbox 948 2020 1022 2048; x_wconf 82' lang='lat' dir='ltr'>sunt</span> <span class='ocrx_word' id='word_1_139' title='bbox 1046 2020 1180 2057; x_wconf 81' lang='lat' dir='ltr'>tartara,</span> 
     </span>
     <span class='ocr_line' id='line_1_64' title="bbox 681 2062 1146 2099; baseline 0.002 -10"><span class='ocrx_word' id='word_1_140' title='bbox 681 2062 711 2089; x_wconf 79' lang='lat' dir='ltr'>in</span> <span class='ocrx_word' id='word_1_141' title='bbox 734 2062 831 2090; x_wconf 69' lang='lat' dir='ltr'>oculis</span> <span class='ocrx_word' id='word_1_142' title='bbox 851 2062 985 2090; x_wconf 70' lang='lat' dir='ltr'>omnium</span> <span class='ocrx_word' id='word_1_143' title='bbox 1005 2062 1146 2099; x_wconf 55' lang='lat' dir='ltr'>mutium,</span> 
     </span>
    </p>

    <p class='ocr_par' dir='ltr' id='par_1_27' title="bbox 618 2102 1488 2183">
     <span class='ocr_line' id='line_1_65' title="bbox 618 2102 1488 2143; baseline 0.001 -9"><span class='ocrx_word' id='word_1_144' title='bbox 618 2103 662 2135; x_wconf 89' lang='lat' dir='ltr'>Ut</span> <span class='ocrx_word' id='word_1_145' title='bbox 689 2107 880 2143; x_wconf 83' lang='lat' dir='ltr'>cognoscant</span> <span class='ocrx_word' id='word_1_146' title='bbox 905 2107 936 2134; x_wconf 90' lang='lat' dir='ltr'>te</span> <span class='ocrx_word' id='word_1_147' title='bbox 962 2103 1160 2135; x_wconf 85' lang='lat' dir='ltr'>conditorem</span> <span class='ocrx_word' id='word_1_148' title='bbox 1187 2102 1331 2136; x_wconf 82' lang='lat' dir='ltr'>fabricae</span> <span class='ocrx_word' id='word_1_149' title='bbox 1357 2103 1488 2143; x_wconf 84' lang='lat' dir='ltr'>mundi;</span> 
     </span>
     <span class='ocr_line' id='line_1_66' title="bbox 679 2147 875 2183; baseline 0 -7"><span class='ocrx_word' id='word_1_150' title='bbox 679 2151 705 2176; x_wconf 79' lang='lat' dir='ltr'>et</span> <span class='ocrx_word' id='word_1_151' title='bbox 729 2147 875 2183; x_wconf 71' lang='lat' dir='ltr'>videbunt,</span> 
     </span>
    </p>

    <p class='ocr_par' dir='ltr' id='par_1_28' title="bbox 623 2188 1327 2270">
     <span class='ocr_line' id='line_1_67' title="bbox 623 2188 1327 2230; baseline 0.003 -9"><span class='ocrx_word' id='word_1_152' title='bbox 623 2189 668 2222; x_wconf 87' lang='lat' dir='ltr'>Ut</span> <span class='ocrx_word' id='word_1_153' title='bbox 692 2189 923 2229; x_wconf 82' lang='lat' dir='ltr'>praedixerunt</span> <span class='ocrx_word' id='word_1_154' title='bbox 947 2188 1138 2229; x_wconf 84' lang='lat' dir='ltr'>prophetica</span> <span class='ocrx_word' id='word_1_155' title='bbox 1163 2190 1327 2230; x_wconf 78' lang='lat' dir='ltr'>vaticinia,</span> 
     </span>
     <span class='ocr_line' id='line_1_68' title="bbox 679 2234 991 2270; baseline 0.003 -8"><span class='ocrx_word' id='word_1_156' title='bbox 679 2243 779 2263; x_wconf 79' lang='lat' dir='ltr'>omnes</span> <span class='ocrx_word' id='word_1_157' title='bbox 800 2234 874 2270; x_wconf 75' lang='lat' dir='ltr'>fines</span> <span class='ocrx_word' id='word_1_158' title='bbox 895 2236 991 2263; x_wconf 77' lang='lat' dir='ltr'>terrae</span> 
     </span>
    </p>

    <p class='ocr_par' dir='ltr' id='par_1_29' title="bbox 623 2275 1150 2356">
     <span class='ocr_line' id='line_1_69' title="bbox 623 2275 1150 2309; baseline 0.006 -3"><span class='ocrx_word' id='word_1_159' title='bbox 623 2276 722 2307; x_wconf 88' lang='lat' dir='ltr'>Immo</span> <span class='ocrx_word' id='word_1_160' title='bbox 748 2276 849 2307; x_wconf 87' lang='lat' dir='ltr'>omnis</span> <span class='ocrx_word' id='word_1_161' title='bbox 875 2275 985 2307; x_wconf 87' lang='lat' dir='ltr'>mundi</span> <span class='ocrx_word' id='word_1_162' title='bbox 1013 2276 1150 2309; x_wconf 88' lang='lat' dir='ltr'>circulus</span> 
     </span>
     <span class='ocr_line' id='line_1_70' title="bbox 678 2320 1022 2356; baseline 0.003 -8"><span class='ocrx_word' id='word_1_163' title='bbox 678 2321 813 2349; x_wconf 80' lang='lat' dir='ltr'>salutare</span> <span class='ocrx_word' id='word_1_164' title='bbox 833 2320 893 2350; x_wconf 69' lang='lat' dir='ltr'>Det¹</span> <span class='ocrx_word' id='word_1_165' title='bbox 913 2321 1022 2356; x_wconf 72' lang='lat' dir='ltr'>nostri,</span> 
     </span>
    </p>

    <p class='ocr_par' dir='ltr' id='par_1_30' title="bbox 623 2362 833 2401">
     <span class='ocr_line' id='line_1_71' title="bbox 623 2362 833 2401; baseline 0.005 -8"><span class='ocrx_word' id='word_1_166' title='bbox 623 2362 692 2401; x_wconf 82' lang='lat' dir='ltr'>Quo</span> <span class='ocrx_word' id='word_1_167' title='bbox 718 2363 833 2394; x_wconf 85' lang='lat' dir='ltr'>salvati</span> 
     </span>
    </p>
   </div>
   <div class='ocr_carea' id='block_1_13' title="bbox 620 2409 1042 2499">
    <p class='ocr_par' dir='ltr' id='par_1_31' title="bbox 620 2409 1042 2499">
     <span class='ocr_line' id='line_1_72' title="bbox 620 2409 741 2441; baseline 0 0"><span class='ocrx_word' id='word_1_168' title='bbox 620 2409 741 2441; x_wconf 82' lang='lat' dir='ltr'>Deitati</span> 
     </span>
     <span class='ocr_line' id='line_1_73' title="bbox 621 2458 1042 2499; baseline 0.005 -10"><span class='ocrx_word' id='word_1_169' title='bbox 621 2458 749 2490; x_wconf 87' lang='lat' dir='ltr'>Laudes</span> <span class='ocrx_word' id='word_1_170' title='bbox 776 2458 886 2490; x_wconf 91' lang='lat' dir='ltr'>demus</span> <span class='ocrx_word' id='word_1_171' title='bbox 911 2459 1042 2499; x_wconf 84' lang='lat' dir='ltr'>gratiae.</span> 
     </span>
    </p>
   </div>
   <div class='ocr_carea' id='block_1_14' title="bbox 1219 120 1652 248">
    <p class='ocr_par' dir='ltr' id='par_1_32' title="bbox 1219 120 1652 248">
     <span class='ocr_line' id='line_1_74' title="bbox 1219 120 1652 248; baseline 0 2441"><span class='ocrx_word' id='word_1_172' title='bbox 1219 120 1652 248; x_wconf 95' lang='lat' dir='ltr'> </span> 
     </span>
    </p>
   </div>
  </div>
 </body>
</html>
