1653 2689
282 206 311 239 7.
337 205 491 246 Alleluia,
517 207 695 239 resurrexit
719 206 896 246 Dominus3
920 204 1075 244 Alleluia,
1101 202 1278 236 resurrexit
1303 201 1482 245 Dominus;

372 253 469 288 hodie
492 257 671 288 resurrexit
695 259 820 295 potens,
847 252 941 285 fortis
965 252 1124 292 Christus,
1149 250 1236 284 filius
1261 250 1334 283 Dei.

278 332 311 364 8.
336 331 380 363 Et
403 334 516 364 euntes
541 331 640 365 dicite
665 331 833 372 discipulis
858 330 926 362 eius
951 333 985 361 et
1010 329 1119 369 Petro,
1143 328 1220 370 quia.
1243 327 1395 360 surrexit.

278 409 310 440 9.
337 408 409 450 Eia,
436 417 606 450 pergamus
631 417 770 448 propere

338 456 527 489 Mandatum
555 457 615 489 hoc
639 455 804 496 perficere.

282 531 321 558 So
343 533 381 558 im
404 532 475 560 Cod.
496 540 549 559 ms.
571 531 776 559 Bibliothecae
797 530 1010 567 archiepiscopi
1031 529 1133 558 Marsh
1151 529 1311 558 Dublinen.
1331 529 1360 555 V
1379 526 1407 557 3.
1428 526 1455 556 2.
1478 527 1522 557 10.

206 576 282 596 saec„
299 568 344 596 13.
356 569 503 605 (photogr.
518 570 736 605 Reproduetion
750 570 847 596 dieses
862 570 925 596 Fol.
939 569 988 596 bei
1003 569 1100 601 Frere,
1120 569 1184 596 The
1197 567 1388 595 Winehester
1400 567 1523 603 Troper,

204 607 329 635 London
363 607 450 637 12:594:
478 608 560 636 Tafel
589 606 625 635 26
635 606 667 642 1’).
700 622 732 626 —
759 609 794 634 ln
822 608 873 635 der
893 607 1087 635 Handschrift
1113 606 1184 634 wird
1212 615 1267 634 vor
1286 605 1371 640 jeder
1395 605 1522 649 §trophe

203 648 290 681 (resp.
316 646 464 676 Versikell
490 647 651 677 vermerkt,
679 646 810 673 welcheu
831 646 981 673 Personeu
1007 645 1138 674 dieselbe
1165 644 1330 672 zukomme.
1374 645 1432 672 Die
1459 645 1523 672 (1ϊεί

205 683 323 711 Glieder
344 685 394 712 der
409 685 554 719 Strophen
579 683 602 715 1,
624 683 642 710 2
661 684 720 711 und
741 683 759 712 3
783 684 846 711 sind
868 685 986 712 verteilt
1001 684 1054 712 auf
1063 685 1111 711 die
1128 688 1204 719 „tres
1218 683 1333 710 Mariae
1347 686 1522 718 quaerentes

205 721 371 755 Christum,
399 723 533 758 singulae
561 725 709 757 portantes
738 723 876 758 pyxidem
905 725 935 750 iu
963 721 1131 755 manibus‘¹·,
1159 731 1212 749 vor
1232 721 1370 748 Versikel
1392 719 1412 748 4
1433 721 1522 749 heisst

207 768 252 786 es:
276 761 382 794 „Facto
403 761 558 788 intervallo
583 761 703 796 angelus
720 761 797 788 intra
812 761 977 796 sepulcrum
993 764 1135 796 appareat
1155 761 1197 788 eis
1215 764 1243 788 et
1256 760 1336 787 dicat
1350 759 1405 787 hoc
1419 760 1521 788 modo:

208 799 299 830 Quem
321 800 464 834 quaeritis
485 797 556 826 etc.“
579 813 615 817 —
632 800 686 826 Am
703 797 820 826 Schluss
835 799 908 835 folgt
922 799 1000 826 ‹lann
1015 799 1062 826 die
1077 799 1274 827 dramatische
1289 799 1519 833 Ostersequenz:

209 857 221 869 Π
235 833 376 863 Vll-timae
400 835 545 872 paschali
573 835 706 864 Iaudes“.
738 852 773 856 —-
800 838 857 864 Zur
877 838 1028 865 Literatur
1049 838 1107 874 vgl.
1129 837 1250 865 Cheval.
1271 838 1389 872 Repert.
1411 837 1520 871 Hymn.

203 875 252 900 Nr.
276 873 363 904 7741:
386 875 547 903 ausserdem
571 876 628 911 vgl.
650 876 697 903 w.
718 876 826 911 Meyer.
849 876 988 903 Carmina
1008 876 1136 907 Burana,
1156 885 1183 912 p.
1208 874 1262 902 126
1282 884 1346 912 sqq.

632 988 661 1018 7.
686 989 724 1017 In
746 988 935 1026 Epiphania
954 988 1103 1018 Domini.

209 1062 353 1108 [Mafflz
429 1066 595 1098 Credimus
621 1067 806 1099 immensum
834 1077 937 1108 regem
966 1077 1034 1099 cum
1063 1068 1170 1100 sidere
1195 1072 1314 1110 natum,

424 1115 565 1146 Aeterna
591 1115 678 1146 cuius
707 1115 824 1147 virtute
850 1125 990 1155 superna
1014 1120 1178 1156 reguntur,

425 1162 521 1193 Cuius
548 1166 579 1192 et
601 1162 735 1201 imperio
762 1173 835 1194 caro
862 1164 1011 1196 subditur
1036 1164 1137 1195 omnis
1162 1164 1203 1196 ab
1229 1173 1319 1196 aevo.

201 1206 369 1238 Nuntius:
423 1209 524 1248 Regia
550 1219 605 1240 ros
630 1210 781 1242 mandata
807 1216 931 1253 vocant,
958 1221 1021 1243 non
1047 1212 1188 1252 segniter
1212 1212 1267 1244 ite.

202 1254 318 1294 Magi:
423 1256 517 1288 Hunc
553 1266 686 1297 regnare
721 1256 856 1290 fatentes
885 1268 954 1290 cum
980 1259 1124 1299 mysticis
1150 1259 1335 1292 muneribus
1363 1260 1403 1292 de
1429 1264 1517 1293 terra

465 1304 637 1344 longinqua
662 1306 798 1337 adorare
825 1307 977 1340 venimus,

199 1349 362 1381 Nuntius:
420 1351 489 1382 Rex
514 1353 643 1384 mandat
670 1352 770 1392 vobis,
796 1354 898 1385 omnis
921 1363 1013 1394 quem
1037 1358 1126 1386 terra
1150 1355 1317 1395 tremiscit,

420 1399 568 1431 Protinus
595 1405 629 1431 ut
655 1409 796 1439 gressum
825 1405 963 1434 vestrum
992 1402 1138 1442 dirigatis
1164 1403 1205 1435 ad
1232 1404 1347 1443 ipsum.

199 1443 312 1483 Mayw‘:
420 1446 513 1478 Nunc
538 1449 719 1480 venerande
746 1453 818 1480 tene
843 1453 1016 1489 sceptrum,
1043 1459 1111 1488 rex,
1137 1451 1315 1490 imperiale.

197 1491 287 1524 Rex:
419 1494 500 1532 Huc,
527 1496 675 1526 semistae
701 1497 773 1537 mei,

416 1540 579 1574 Dissertos
604 1544 719 1582 pagina
745 1546 786 1576 ad
814 1554 863 1576 me
889 1550 1100 1584 properantes
1127 1551 1248 1580 vocate.

197 1586 362 1618 Nuntius:
417 1589 441 1620 Ο
469 1589 547 1629 legis
573 1591 680 1630 periti,

416 1637 446 1667 A
473 1645 545 1677 rege
572 1639 685 1676 vocati,

416 1684 493 1716 Cum
519 1686 747 1724 prophetarum
774 1688 867 1720 lineis
892 1690 1097 1728 properando
1124 1691 1240 1723 venite.

195 1728 284 1760 Reae:
421 1731 446 1764 Ο
471 1741 526 1763 vos
552 1734 686 1771 scribae,
714 1735 902 1776 interrogati
930 1737 1037 1776 dicite,
1065 1739 1092 1769 si
1116 1738 1192 1778 quid
1221 1739 1260 1770 de
1288 1739 1348 1772 hoc
1373 1748 1475 1781 puero

464 1780 617 1820 scriptum
644 1782 790 1814 videritis
816 1783 848 1815 in
875 1784 976 1818 libris.

194 1824 375 1857 Semiscae:
419 1827 583 1869 Vidimus,
616 1829 770 1871 Domine,
798 1831 830 1862 iu
856 1833 1086 1873 prophetarum
1110 1834 1205 1866 lineis
1231 1836 1316 1875 quod
1341 1834 1512 1869 manifeste

464 1876 618 1915 scriptum
645 1882 710 1912 est:

197 1919 340 1953 Chorus:
414 1922 590 1964 Bethleem,
614 1934 675 1956 non
695 1926 757 1958 eris
775 1927 905 1959 minima
921 1929 953 1960 in
971 1929 1171 1970 principibus
1188 1930 1290 1971 Iuda,
1317 1941 1357 1964 ex
1374 1936 1407 1964 te
1425 1933 1510 1965 enim

462 1972 546 2002 exiet
573 1972 648 2011 dux,
676 1974 728 2013 qui
755 1980 845 2014 regat
871 1977 1022 2016 populum
1049 1987 1153 2010 meum
1179 1979 1300 2023 Israe13
1327 1981 1399 2022 ipse
1425 1981 1510 2013 euim

461 2019 582 2051 salvum
610 2020 706 2053 faciet
732 2023 883 2063 populum
909 2033 999 2056 suum
1025 2035 1043 2058 a
1069 2027 1210 2066 peccatis
1236 2037 1358 2060 eorum.

193 2063 281 2096 Rex:
414 2065 542 2109 Regem,
570 2077 662 2107 quem
689 2071 853 2112 quaeritis,
879 2068 1004 2116 [natum
1026 2082 1096 2106 esse
1113 2084 1174 2114 quo
1193 2075 1284 2116 signo
1307 2075 1509 2122 didicistis]‘?

191 2111 307 2151 Mayi:
411 2114 506 2146 Illum
532 2119 639 2148 natum
667 2126 736 2149 esse
763 2115 950 2161 [didicimus
967 2121 1000 2152 iu
1019 2123 1149 2155 Oriente
1167 2124 1262 2157 stella
1279 2124 1506 2170 monstranteJ.

190 2159 280 2192 Rex:
412 2161 446 2193 Si
471 2162 561 2195 illum
587 2173 721 2205 regnare
748 2163 905 2209 [creditiS,
935 2168 1032 2201 dicite
1057 2169 1177 2215 uobis].

410 2210 461 2241 Ite
487 2215 519 2241 et
545 2213 584 2243 de
610 2221 710 2253 puero
738 2211 924 2257 [diligenter
947 2217 1139 2259 investigate
1165 2225 1198 2253 et
1220 2221 1389 2254 inventum

457 2259 627 2292 redeuntes
653 2261 731 2293 mihi
755 2262 962 2309 renuntiateJ.

191 2303 304 2351 Magi:
412 2305 508 2348 Ecce,
524 2307 616 2340 stella
629 2309 663 2340 in
672 2310 804 2343 Oriente
819 2308 982 2354 [praevisa
993 2314 1110 2347 iterum
1124 2318 1293 2356 praevenit
1302 2327 1360 2351 nos
1369 2317 1493 2363 lucida]
1501 2347 1508 2354 .

194 2352 397 2385 Obstetrices:
412 2354 471 2393 Qui
497 2359 572 2387 sunt
597 2356 641 2396 hi,
667 2359 720 2398 qui
746 2359 841 2392 stella
868 2359 949 2393 duce
974 2371 1031 2394 nos
1057 2365 1214 2398 adeuntes
1240 2370 1271 2398 et
1296 2366 1445 2401 inaudita

456 2402 620 2436 ferentes?
