1653 2689
739 123 806 158 179
858 143 903 148 -

425 252 494 284 388.
526 253 565 284 In
587 254 718 286 Octava
741 255 942 287 Nativitatis
964 257 1112 288 Domini.

110 353 171 386 la.
204 350 402 384 lucundetur
805 355 865 388 1b.
901 356 1001 394 Quam
1028 355 1173 397 legentis,

95 397 103 403 '
203 399 248 433 Et
272 399 412 432 laetetur
900 403 1009 436 Nostri
1036 403 1147 436 fratris

251 447 334 480 Tota
359 448 587 489 christianitas,
948 450 1117 483 Consortat
1142 452 1333 485 humanitas

205 495 305 534 Quam
332 497 490 536 caelestis,
898 499 984 539 Ergo
1012 500 1108 538 dicat,

205 543 306 582 Quam
332 543 443 577 divina
898 547 989 586 Quod
1017 548 1157 587 postulat

256 591 374 624 visitat
400 592 600 632 sublimitas;
946 595 1063 628 Nostra
1089 604 1220 628 concors
1247 596 1406 627 charitas:

438 643 469 675 2.
509 641 620 673 Lectio
647 641 802 682 epistolae

509 690 548 721 In
573 689 724 729 Nicopoli
750 691 866 721 niissae

509 737 636 769 Cretam
662 738 746 769 beati
772 737 884 780 Pauli,

508 785 658 817 Doctoris
684 785 824 824 gentium
851 790 881 818 et
908 785 1047 825 apostoli

506 834 613 872 Atque
640 833 724 865 vasis
751 834 927 870 electionis,

510 881 566 914 Ad
590 881 713 920 Titum,
741 881 933 920 discipulum
960 890 1064 918 suurn,

508 928 557 961 De
583 932 669 961 statu
695 929 849 960 ecclesiae
875 929 1106 961 instruendum.

513 976 690 1009 Carissimo

508 1024 573 1056 Fili
599 1029 632 1056 et
658 1025 690 1056 in
717 1024 846 1056 Christo
872 1024 1098 1056 amantissime.

508 1072 678 1112 Apparuit

509 1120 553 1152 Et
579 1128 652 1152 vere
679 1120 795 1152 claruit

509 1168 707 1208 Bem'ymtas
733 1168 803 1207 Dei,

510 1216 615 1248 Patris
641 1215 699 1247 filii
725 1215 838 1247 summi

508 1263 553 1295 Et
575 1263 766 1295 humanitas
791 1262 967 1295 salvatoris
994 1263 1109 1295 nostri.

185 1367 305 1394 Prosar.
333 1376 386 1394 mS.
408 1368 527 1394 Arnesti
548 1368 708 1402 Pragensis
730 1376 800 1395 anm
824 1366 905 1395 1:363.
947 1367 1017 1394 Uod.
1039 1367 1134 1402 Capit.
1158 1368 1280 1401 l’ragen.
1305 1367 1326 1393 Ρ
1348 1366 1375 1394 9.
1398 1382 1433 1386 —

112 1403 142 1437 1,
168 1403 186 1432 2
213 1405 294 1433 fehlt.
316 1421 354 1425 —
375 1404 409 1438 2,
434 1403 468 1432 13
488 1405 587 1433 Patris
608 1407 664 1434 Dei
693 1408 809 1433 summi.
832 1420 867 1424 -—
890 1406 946 1433 Die
975 1406 1078 1439 iibrige
1100 1402 1285 1441 Tropierung
1308 1406 1381 1433 liiuft
1404 1408 1430 1433 in

108 1444 202 1471 Prosa
223 1451 286 1476 am,
308 1444 356 1471 bei
378 1444 429 1472 der
450 1444 525 1471 auch
546 1445 594 1471 die
615 1445 661 1472 bis
682 1445 773 1472 dahin
788 1444 1027 1472 hervortretende
1044 1444 1143 1471 Reim
1153 1453 1239 1480 prosa
1256 1444 1337 1471 nicht
1355 1445 1434 1471 mehr

109 1490 145 1509 zu
166 1481 327 1510 entdeeken
350 1484 397 1510 ist.

512 1596 581 1626 389.
614 1597 651 1626 In
672 1596 861 1634 Epiphania
883 1596 1031 1626 Domini.

519 1696 550 1728 1.
591 1695 716 1733 Gaude,
743 1700 846 1727 mater
871 1695 1018 1728 eeclesia.

584 1744 739 1775 Innovata
765 1743 888 1775 laetitia

584 1791 627 1823 Et
652 1800 734 1831 pura
761 1791 954 1823 conscientia

583 1839 669 1871 Diva
694 1839 825 1880 percipe
852 1839 973 1872 nuntia.

264 1884 369 1915 Lectio
390 1885 495 1915 Isaiae
513 1884 675 1923 prophetae

520 1929 551 1960 2.
589 1927 760 1959 Praeclara
785 1926 877 1958 nobis
903 1925 1030 1968 gaudia,

583 1978 726 2007 Aeterna
750 1975 822 2007 luce
847 1974 1029 2014 splendida,

584 2023 634 2055 Ita
660 2023 773 2063 pandit
799 2022 954 2054 ecclesiae

584 2070 650 2103 Sub
676 2071 851 2104 Ierusalem
878 2071 1007 2111 specie:

264 2115 369 2154 Sume,
392 2116 576 2152 illuminare,
598 2115 775 2151 Ierusalem,
798 2117 870 2153 quia
893 2117 972 2144 venit
993 2115 1091 2145 lumen
1111 2118 1202 2149 tumn,

516 2159 550 2193 3.
589 2158 676 2197 Quae
703 2159 826 2190 latebas
852 2158 883 2189 in
911 2157 1052 2190 tenebris

584 2206 648 2238 Per
673 2206 769 2246 primi
795 2207 922 2246 culpam
949 2206 1104 2247 hominis3

263 2254 290 2281 et
310 2251 412 2289 gloria
434 2250 564 2280 Domini
585 2259 678 2288 super
698 2255 724 2280 te
743 2254 810 2281 orta
832 2254 874 2280 est

515 2295 548 2327 4.
586 2292 637 2324 Ex
663 2293 813 2333 virginali
838 2297 929 2325 utero

585 2341 805 2374 obumbrante
831 2341 1000 2382 paraclito,

533 2404 537 2409 ·
567 2388 682 2422 ‘Teste
705 2394 813 2423 vatum
839 2390 1025 2430 praeconio.

263 2433 358 2473 Quia.
378 2443 449 2469 ecce,
470 2433 606 2464 tenebrae
623 2435 759 2474 operient
775 2437 888 2465 terram
909 2437 936 2465 et
957 2434 1053 2474 caliyo
1072 2435 1218 2472 populos,¹

1203 2483 1261 2512 12*
