1653 2689
670 100 924 135 -117—

211 192 302 230 'l'rop-
330 203 383 222 ms.
407 194 559 231 Augieuse
586 204 662 224 saec.
691 195 735 224 10.
777 195 848 224 eod.
877 196 1068 231 Bambergen.
1094 195 1140 222 Ed
1161 197 1187 222 V
1213 195 1240 223 9.
1260 212 1298 216 —
1318 199 1370 226 Als
1394 199 1455 235 „Ad

136 229 383 267 Repetitionem‘fl
428 233 599 261 Irrtiimlieh
625 234 704 262 steht
726 241 781 262 vor
799 232 819 261 2
840 234 950 268 „Post
978 232 1141 267 Gloria-“3
1169 234 1298 263 dadureh
1320 238 1417 265 wiirde
1437 235 1456 264 2

133 276 191 297 aus
209 269 275 298 dem
297 271 424 298 Context
443 273 584 307 gerissen.

438 393 507 425 258.
539 394 578 424 In
599 394 789 424 Nativitate
811 402 838 424 s.
862 393 1022 425 Iohannis
1046 395 1148 432 Bapt.

218 481 248 514 1.
277 482 314 514 In
339 482 454 514 summi
479 482 575 514 laude
601 483 694 525 regis,
724 491 784 513 vox
811 491 959 521 consona,
987 484 1105 523 plaude

278 530 354 564 Cum
383 538 592 570 praecursore
617 531 776 562 laetanter
801 530 833 561 in
860 531 927 562 eius
954 531 1089 564 honore:

342 575 389 603 De
409 576 508 603 ventre
527 576 634 603 matris
654 584 735 604 meae
756 575 869 603 vocarit
893 585 936 604 me
956 576 1112 604 Dominus
1134 577 1256 606 nomme
1276 588 1346 613 meo,

216 617 248 649 2.
275 615 335 655 Qui
361 617 407 647 sic
433 614 594 655 formavit,
621 615 800 656 praenovit.
829 617 1041 649 sanctificavit

276 663 330 695 Me
355 663 494 696 nondum
522 668 641 706 natum,
670 664 778 696 mundi
806 664 880 695 tulit
904 665 959 696 ille
985 670 1106 697 reatum

341 712 367 737 et
382 708 490 746 posuit
511 716 545 737 os
566 718 659 738 mewn
682 712 716 737 ut
734 708 870 746 yladt‘um
892 713 1032 738 acutum.-

215 750 245 782 3.
278 749 371 791 „Non
396 750 472 782 licet
497 759 627 781 uxorem
654 756 686 782 te
713 749 824 782 fratris
851 750 1013 788 habere“;
1041 752 1185 782 timorem

273 797 326 829 Sic
351 797 582 837 postponebam
610 803 639 829 et
666 798 828 830 Herodem
856 799 1089 839 corripiebam;

339 843 394 871 sub
415 845 579 879 testamento
601 853 710 872 manus
732 852 806 871 suae
822 845 956 879 protexit
979 854 1028 876 me,

212 886 244 917 4.
272 883 368 915 Ensis
395 883 435 915 ob
463 884 626 916 horrorem
653 895 716 916 non
742 885 889 924 permisit
914 887 1059 924 superari

271 931 335 973 Me,
364 932 421 964 sed
447 932 598 963 victorem
628 934 729 964 voluit
755 933 826 971 plus
853 933 1036 972 glorificari.

338 979 365 1005 et
380 976 490 1013 posuit
509 986 553 1005 me
573 980 664 1013 quasi
684 977 825 1015 sagittam
847 978 974 1006 electam.

214 1020 244 1050 5.
273 1018 380 1049 Maior
405 1026 438 1048 es
465 1018 494 1048 in
524 1019 606 1049 natis
632 1019 810 1054 mulierum,
839 1019 1030 1058 virginitatis

273 1065 424 1106 Signifer,
451 1066 583 1104 athleta,
612 1067 735 1103 doctor,
765 1066 913 1105 baptista,
943 1068 1099 1106 propheta

336 1111 457 1140 Bonum
479 1113 523 1138 est
544 1113 680 1147 confiteri
701 1111 835 1140 Domina
857 1114 882 1139 et
900 1112 1031 1147 psallere
1053 1113 1167 1142 nomini
1188 1115 1248 1142 tuo,
1273 1112 1429 1141 altissima

212 1152 242 1184 6.
271 1151 375 1191 Digne
401 1151 554 1186 laudaris,
581 1153 747 1191 altissime,
775 1152 828 1191 qui
856 1153 1017 1184 veneraris

268 1199 306 1231 In
333 1204 365 1232 te
391 1205 568 1238 sperantes,
597 1199 712 1232 festum
739 1208 891 1240 praesens
918 1201 1135 1231 celebrantes:

336 1243 447 1273 Gloria
466 1245 553 1280 patri
573 1247 598 1272 et
620 1245 682 1281 filio
704 1249 730 1273 et
751 1245 876 1281 spiritui
897 1248 1003 1274 saneto
1024 1248 1077 1274 etc.

211 1285 242 1318 7.
269 1285 294 1317 O
320 1285 379 1318 flos
405 1285 571 1325 iustorum,
600 1287 767 1325 iohannem,
796 1286 905 1326 regula
932 1296 1064 1325 morum,

270 1332 335 1365 Fac
360 1343 417 1365 nos
442 1333 556 1365 laetari
583 1344 666 1366 nunc
691 1338 763 1374 post
790 1339 985 1374 mortemque
1012 1333 1111 1365 beari.

200 1418 288 1453 Trop.
316 1427 369 1444 ms.
391 1418 585 1453 Sangallense
613 1427 687 1446 saec.
713 1417 769 1448 (ll.
793 1420 832 1450 et)
855 1417 896 1445 13.
938 1419 1007 1445 (jod.
1031 1418 1199 1452 Sangallen.
1222 1416 1278 1445 352
1310 1434 1345 1437 —
1367 1419 1398 1452 2,
1427 1418 1444 1447 *2

121 1455 174 1483 Te.
194 1470 232 1475 —
253 1454 279 1488 3,
301 1455 319 1484 2
339 1457 538 1492 postponebas
560 1472 597 1475 —
618 1457 807 1493 corripiebas.
830 1471 866 1474 —
887 1457 914 1488 4,
937 1456 954 1483 2
975 1458 1025 1483 Te.
1049 1472 1085 1474 —
1106 1456 1205 1482 Durch
1227 1457 1279 1483 das
1294 1457 1442 1493 Einsiigen

122 1494 174 1522 der
199 1496 322 1522 zweiten
342 1496 455 1523 Person
485 1496 560 1521 ware
587 1496 638 1522 der
659 1498 785 1523 Context
813 1497 865 1522 mit
886 1496 949 1522 dem
974 1497 1115 1522 Introitus
1138 1495 1232 1529 vijllig
1253 1498 1384 1523 zerstiirt.
1406 1511 1443 1515 -ι

123 1533 228 1560 Dieser
248 1534 334 1569 lange
352 1534 468 1568 Tropus
491 1535 544 1560 mit
564 1535 658 1570 vollig
678 1533 933 1569 durehgefiihrtem
956 1535 1057 1560 remen
1075 1535 1156 1560 Reim
1172 1534 1382 1565 (Binnenreim)
1404 1537 1441 1562 ist

119 1571 242 1607 doppelt
267 1573 460 1604 interes-eant,
487 1573 552 1599 weil
575 1573 821 1607 Introitustropen
849 1581 902 1599 aus
924 1573 987 1600 (lem
1014 1572 1055 1599 125.
1077 1571 1279 1599 Jahrhundert
1300 1573 1359 1600 und
1383 1578 1441 1601 crs-t

124 1609 206 1637 recht
227 1619 279 1638 aus
301 1611 342 1638 St.
365 1610 470 1639 Gallen
492 1612 557 1638 eine
578 1611 675 1647 grosse
697 1611 861 1639 Seitenheit
882 1612 956 1638 sind.

423 1742 492 1773 259.
524 1743 561 1772 In
584 1743 773 1774 Nativitate
795 1751 823 1773 s.
845 1743 1007 1773 Iohannis
1030 1744 1130 1782 Bapt.

478 1832 508 1866 1.
537 1833 635 1871 Quem
662 1833 838 1873 prophetae
865 1834 1008 1865 cecinere

534 1881 619 1920 Agni
646 1880 714 1912 fore
741 1889 991 1921 praecursorem,

276 1925 324 1955 De
342 1928 443 1955 ventre
465 1926 571 1954 matris
592 1935 672 1956 meae
693 1926 808 1955 vovavit
830 1935 872 1955 me
892 1925 1049 1955 Dominus
1072 1927 1192 1956 nomine
1214 1936 1283 1961 meo,

119 1968 180 2001 2³.
215 1967 406 2000 Honestavit
810 1968 872 2002 2b.
905 1968 1109 2001 Constituens

215 2015 347 2048 verbum
374 2025 464 2047 suum
489 2024 544 2047 ore
573 2025 641 2048 meo
904 2027 953 2047 me
980 2027 1077 2057 super
1103 2021 1212 2056 gentes
1239 2023 1269 2048 et
1297 2027 1392 2059 regua

272 2063 298 2090 et
315 2059 425 2098 posuit
444 2069 478 2090 os
496 2069 591 2089 meum
605 2064 639 2089 ut
650 2061 748 2099 ylarii·
962 2063 1052 2099 quasi
1073 2063 1211 2099 sasn'ttam
1236 2062 1361 2092 electam.

272 2109 322 2128 um
345 2101 478 2134 acutum,
494 2123 499 2128 .
515 2101 683 2136 ..protexit
705 2110 748 2130 me

192 2179 282 2214 Trop.
310 2187 363 2205 ms.
385 2177 634 2213 Moguntinumff)
653 2188 728 2207 saec.
753 2177 795 2206 10.
837 2179 906 2206 cod.
930 2180 1095 2208 Londinen.
1118 2179 1191 2206 Add.
1215 2178 1323 2208 1976&
1345 2181 1379 2208 A.
1402 2195 1438 2200 —-

113 2216 204 2253 Trop.
225 2225 279 2244 ms.
300 2217 508 2243 Wintonieuse
529 2225 604 2244 saec.
631 2216 672 2246 10.
695 2228 739 2246 ex.
781 2218 851 2245 eod.
873 2218 1016 2246 Oxonien>
1039 2218 1123 2246 Bodl.
1146 2217 1209 2246 775.
1233 2220 1264 2246 Β.
1289 2235 1320 2238 —-
1347 2220 1437 2256 Trop.

114 2264 168 2283 ms.
190 2255 397 2283 wintoniense
419 2262 494 2282 saec.
518 2254 561 2282 11.
595 2256 665 2283 Cod.
687 2258 761 2285 (toll.
785 2257 871 2292 Cor-p.
895 2258 1005 2285 Christi
1027 2257 1251 2293 Cantabrigien.
1271 2257 1336 2285 473.
1352 2260 1385 2286 C.
1407 2274 1436 2277 —

113 2294 203 2331 Trop.
226 2303 279 2321 ms.
301 2293 509 2322 Glastoniense
528 2293 552 2326 (ἱ)
561 2295 785 2329 cantuariense)
805 2304 881 2323 saec.
906 2295 937 2322 11
962 2305 1006 2323 ex.
1026 2296 1066 2329 (et
1088 2294 1145 2328 12.)
1179 2297 1249 2324 Cod.
1270 2297 1436 2325 Londinen.

116 2332 211 2369 Calig.
224 2333 250 2360 A
263 2333 344 2361 XIV.
358 2333 395 2360 D.
420 2346 452 2350 —
477 2331 500 2364 1,
525 2331 539 2358 l
561 2333 731 2368 praedixere
749 2333 795 2366 (st.
817 2335 960 2364 cecinere)
976 2336 1001 2362 D
1033 2350 1071 2354 -
1091 2333 1145 2367 2b,
1167 2333 1185 2362 2
1201 2345 1244 2362 me
1261 2337 1336 2363 inter
1352 2337 1384 2363 A.
1401 2353 1436 2356 —

113 2372 150 2399 In
169 2372 195 2399 A
223 2371 283 2399 und
303 2372 328 2399 B
357 2371 402 2398 als
425 2370 487 2405 „Ad
507 2371 726 2407 Repeoendum⁴⁴
752 2373 827 2400 nach
853 2373 916 2400 dem
946 2374 1028 2401 nicht
1055 2375 1259 2409 symmetria-ln
1289 2376 1436 2409 gebauten

110 2410 230 2447 Tropus
254 2411 322 2446 „De
348 2413 450 2438 utero
477 2412 690 2446 genetricis
717 2420 818 2440 meae
844 2421 894 2439 me
923 2414 1077 2440 vocavit
1103 2412 1183 2439 ete.“
