1653 2689
731 108 994 144 —385—

370 205 404 237 4.
431 203 552 246 Magna
581 207 613 236 et
639 205 786 238 miranda
811 209 884 238 sunt
909 205 1028 238 iudicia
1054 209 1119 247 tua,
1145 207 1291 246 Domine,

427 251 488 292 Qui
513 261 576 285 non
603 252 800 294 derelinquis
824 257 991 294 sperantes
1016 255 1049 286 in
1075 258 1125 294 te3

429 298 549 333 Libera
573 309 632 333 nos
657 302 691 334 in
716 305 870 342 tempore¹
887 302 1063 342 angustiae.

283 367 318 400 5.
344 365 371 399 Ο
398 369 510 406 pastor
534 367 628 408 bone,
655 372 768 409 pastor
793 372 931 411 aeterne,
959 373 1071 408 pastor
1096 369 1352 410 clementissime,

343 414 405 453 Qui
431 414 528 446 saluti
552 415 658 447 ovium
684 420 812 448 tuarum
835 426 900 448 non
925 425 1062 456 parcens
1089 418 1213 449 animae

343 461 521 494 Redemisti
547 471 600 494 eas
627 465 758 504 proprio
784 465 946 504 sanguine.

342 509 468 541 Memor
493 515 560 543 esto
586 512 842 552 congregationis
867 515 996 544 nostrae

340 556 385 589 Et
409 565 485 590 oves
509 559 618 599 lapsas
643 559 676 591 in
705 560 786 591 viam
813 560 926 591 salutis
953 564 1100 592 aeternae
1124 560 1255 591 restitue

340 604 382 636 Et
409 605 451 638 ad
475 615 596 645 pascua
621 608 770 646 perpetui
796 608 934 639 convivii
960 609 1137 647 perducere
1164 607 1304 649 dignare,

387 653 526 694 Quando
553 653 633 686 caeli
658 654 809 688 movendi
834 658 912 687 sunt
937 657 967 686 et
991 658 1088 689 terra.

509 723 540 754 6.
569 721 703 754 Oremus
730 721 790 753 Dei
816 721 915 753 filium

565 768 609 800 Et
633 778 726 801 omne
751 779 863 810 agmen
890 770 1054 809 melicum,

560 817 679 849 Mitem
706 817 767 849 Dei
793 819 998 859 genetricem,

563 865 753 897 Animarum
778 866 991 905 salvatricem,

565 913 739 952 Apostolos
765 919 798 945 et
822 918 991 954 martyres,

566 959 771 993 Confessores
797 966 828 992 et
855 961 1003 1002 virgines,

564 1007 740 1040 Monachos
765 1014 860 1048 atque
885 1009 1009 1049 viduas,

565 1055 710 1088 Omnium
737 1056 879 1088 fidelium
905 1061 1036 1097 turmas,

566 1103 609 1135 Ut
634 1104 737 1136 Deum
763 1109 886 1144 patrem
913 1113 972 1144 pro
999 1103 1119 1135 cunctis

563 1150 687 1191 Rogent
711 1152 745 1183 in
769 1152 833 1184 fide
860 1152 1031 1192 defunctis,

610 1199 749 1240 Quando
777 1199 858 1231 caeli
883 1199 1033 1232 morendi
1057 1202 1133 1231 sunt
1159 1201 1187 1231 et
1211 1200 1308 1231 terra.

262 1302 396 1329 Oration.
424 1310 475 1329 mS.
504 1302 744 1339 Schonaugiensc
772 1312 848 1330 saec.
881 1302 923 1330 12.
953 1303 1185 1335 (Privatbesitz);
1217 1303 1323 1330 daraus
1349 1304 1394 1331 bei
1416 1304 1503 1339 Roth,

182 1339 219 1367 D.
247 1339 420 1368 Gebetbuch
446 1340 498 1367 der
522 1341 562 1368 hl.
588 1341 744 1368 Elisabeth
771 1350 830 1369 von
857 1342 1012 1373 Schbnau,
1040 1341 1197 1377 Augsburg
1227 1339 1307 1369 1886.
1329 1342 1368 1371 (S.
1390 1341 1447 1375 49.)
1467 1358 1503 1362 —

183 1375 209 1409 l,
233 1375 247 1404 l
268 1377 328 1405 und
349 1379 458 1406 ebenso
485 1377 507 1411 l,
529 1377 547 1406 2
568 1379 626 1406 und
648 1379 666 1406 4
687 1380 764 1412 quod
783 1380 830 1409 (st.
851 1382 938 1416 quot),
962 1394 999 1397 —
1018 1381 1076 1407 Der
1096 1388 1188 1415 ganzc
1209 1379 1322 1415 Tropus
1348 1382 1386 1407 ist
1406 1382 1504 1408 Reim-

180 1423 285 1451 prosa3
313 1417 483 1453 eingeleitet
510 1417 582 1444 wird
609 1418 742 1445 derselbe
763 1418 838 1445 nach
863 1418 1034 1453 „Quando
1055 1418 1169 1444 caeli⁸⁴
1192 1422 1245 1444 etc.
1267 1419 1359 1445 durch
1381 1419 1504 1447 Schrift-

179 1456 275 1482 texte:
306 1455 495 1482 Horrendum
522 1459 568 1483 est
595 1456 724 1484 incidere
754 1458 785 1483 in
814 1465 916 1484 manus
946 1457 1002 1484 Dei
1029 1457 1158 1483 viventis
1185 1457 1286 1485 (Hebr.
1318 1455 1406 1491 10³1),
1435 1467 1503 1485 nam

179 1493 336 1521 manifeste
356 1495 457 1521 veniet
479 1495 560 1522 Deus
581 1498 680 1521 noster
702 1498 731 1521 et
750 1504 810 1522 non
832 1495 947 1527 silebit;
974 1496 1051 1529 ignis
1073 1496 1103 1520 in
1124 1498 1283 1529 conspectu
1305 1496 1367 1522 eius
1389 1496 1504 1524 ardebit

180 1533 210 1559 et
228 1532 262 1558 in
281 1533 409 1560 circuitu
430 1533 494 1560 eius
515 1536 675 1567 tempestas
695 1533 797 1560 valida
816 1534 875 1565 tPs.
900 1533 977 1565 49³),
1007 1541 1081 1568 quae
1102 1541 1221 1568 prorsus
1243 1535 1399 1566 examinat,
1429 1544 1502 1570 quos

178 1570 258 1605 ignis
289 1572 405 1598 exarati
435 1572 473 1598 in
504 1571 564 1599 die
595 1571 664 1598 illa
695 1572 898 1599 tremenda.
929 1586 961 1590 —
988 1572 1119 1598 Alsdann
1151 1571 1225 1606 folgt
1255 1572 1305 1598 der
1332 1573 1501 1608 vorgelegte

177 1607 254 1635 Text
279 1609 330 1636 des
350 1609 481 1645 TropUS,
511 1610 562 1637 der
590 1610 621 1636 in
642 1610 699 1637 Str.
721 1608 738 1636 6
759 1610 940 1646 vollstiiudig
961 1609 1141 1645 rhythmisch
1162 1610 1299 1646 gestaltet
1321 1612 1366 1636 ist.
1390 1627 1426 1631 —
1449 1612 1501 1639 Ais

177 1646 338 1675 Absehluss
358 1647 434 1684 folgt
452 1649 530 1674 noch
550 1648 600 1676 ein
620 1648 723 1681 Gebet,
744 1648 798 1676 das
819 1649 882 1675 sich
905 1650 949 1676 als
970 1650 1050 1676 reine
1064 1648 1158 1675 Prosa
1176 1647 1338 1675 dai-bietet:
1363 1651 1501 1683 „Creator

177 1686 309 1713 omnium
329 1694 436 1719 rerum,
458 1687 547 1719 Deus,
569 1688 619 1722 qui
641 1696 686 1713 me
707 1687 742 1714 de
764 1688 834 1714 limo
850 1690 944 1714 terrae
960 1687 1133 1714 formasti
1149 1690 1177 1714 et
1191 1687 1367 1713 mirabiliter
1382 1690 1499 1723 proprio

177 1726 322 1759 sanguine
342 1725 555 1758 redemisti,
582 1733 746 1760 corpusque
769 1735 877 1752 meum.
913 1727 982 1753 licet
1004 1725 1088 1751 modo
1110 1729 1268 1760 putrescat,
1289 1725 1324 1752 de
1345 1726 1498 1761 sepulchro

175 1762 266 1789 facies
285 1762 388 1795 (facias
404 1763 470 1795 Hs.)
489 1764 521 1790 in
541 1763 589 1790 die
613 1764 716 1790 iudicii
738 1765 986 1796 resuscitari,
1007 1763 1123 1796 exaudi,
1145 1763 1251 1790 exaudi
1270 1773 1314 1790 me
1329 1768 1357 1790 et
1371 1767 1499 1792 animam

175 1808 270 1828 meam
292 1802 324 1829 in
346 1803 414 1829 sinu
434 1801 580 1833 Abrahae,
602 1802 787 1837 patriarchae
808 1804 860 1832 tui,
883 1804 986 1831 iubeas
1007 1802 1208 1833 collocari,
1230 1802 1382 1835 Quando
1400 1804 1497 1831 caeli

174 1839 352 1868 movendi
379 1843 467 1868 sunt
492 1843 527 1867 et
554 1840 684 1868 terra“.
725 1841 892 1877 Allerdings
921 1841 1006 1869 liesse
1034 1840 1096 1868 sich
1124 1840 1200 1868 auch
1227 1840 1323 1868 dieses
1346 1842 1439 1869 Gebet
1466 1843 1497 1869 in

173 1876 193 1904 4
206 1877 389 1914 Langzeilen
410 1878 554 1914 zerlegen,
575 1887 633 1905 von
654 1879 748 1906 denen
764 1879 795 1913 je
816 1877 834 1905 2
854 1880 912 1907 fast
931 1880 1046 1914 gleiche
1063 1878 1233 1906 Silbenzahl
1249 1879 1351 1910 haben,
1375 1879 1433 1907 und
1449 1880 1495 1907 die

173 1916 230 1943 mit
262 1916 319 1945 den
349 1917 548 1945 Reimworten
585 1917 735 1951 „formasti
766 1933 803 1936 —
830 1917 1015 1950 redemisti“‚
1052 1919 1238 1953 „resuscitari
1270 1933 1306 1936 —
1337 1917 1495 1946 collocari“

173 1954 348 1989 schliessen3
376 1958 416 1983 ist
443 1955 495 1982 das
523 1955 736 1992 beabsichtigte
758 1957 947 1992 Reimprosa,
976 1966 1007 1983 so
1030 1957 1105 1983 ware
1127 1955 1202 1983 auch
1222 1956 1318 1983 dieser
1338 1957 1496 1984 Abschluss

172 1993 218 2020 als
239 1995 373 2022 siebente
394 1994 522 2029 Strophe
542 1995 606 2022 dem
629 1995 746 2030 Korpus
767 1996 818 2022 des
839 1996 946 2023 Textes
968 1995 1184 2032 anzugliedern.
1207 2009 1244 2012 —
1264 1996 1299 2022 In
1319 1995 1370 2022 ‹ler
1391 1997 1494 2030 Quelle

171 2031 278 2068 gehort
297 2034 349 2061 der
368 2033 484 2069 Tropus
505 2042 571 2060 zum
594 2031 739 2066 „Libera“
761 2033 812 2061 des
835 2034 985 2061 Officiums
1007 2035 1046 2060 im
1064 2035 1259 2066 Breviere,
1281 2034 1408 2061 nfimlich
1429 2043 1494 2061 zum

169 2071 279 2099 letzten
300 2072 532 2109 Regponsorium
553 2072 605 2098 der
624 2070 650 2098 3.
673 2071 813 2099 Nocturn.

247 2111 315 2138 Viel
335 2109 529 2138 Ahnlichkeit
549 2111 589 2137 im
606 2109 724 2138 Aufbau
737 2109 905 2146 (Mischung
925 2119 984 2137 von
997 2111 1099 2143 Prosa,
1121 2111 1295 2145 Reimprosa
1314 2112 1373 2138 und
1394 2111 1493 2146 rhyth-

169 2148 304 2177 mischen
331 2158 408 2184 resp.
430 2149 605 2176 metrischen
627 2148 750 2183 Versen)
770 2151 848 2184 zeigt
867 2151 916 2176 ein
935 2149 1051 2185 Tropus
1077 2158 1143 2176 zum
1167 2147 1308 2183 „Libera“
1334 2149 1384 2177 des
1404 2151 1493 2177 Bre-

169 2186 313 2221 vieres,
335 2188 462 2215 welches
486 2189 525 2214 im
546 2187 741 2222 Antiphonar.
765 2197 817 2215 ms,
839 2188 988 2223 Augiense
1010 2196 1085 2215 saec.
1110 2186 1152 2214 12.
1187 2187 1257 2214 Cod.
1279 2188 1492 2215 Karolsruhau.

167 2228 244 2263 Aug.
265 2227 321 2255 LX
349 2227 403 2254 auf
425 2225 475 2254 fol.
498 2224 573 2253 262¹
600 2234 662 2261 sqq.
691 2226 880 2262 eingetragen
902 2227 940 2254 ist
962 2227 1020 2253 und
1043 2235 1100 2252 von
1121 2226 1208 2252 Mone
1229 2226 1289 2258 (Nr.
1311 2224 1378 2261 296)
1397 2228 1491 2262 publi-

167 2266 244 2292 2iert
266 2265 377 2294 warde.
418 2264 564 2293 Daseelbe
585 2264 708 2300 beginnt
727 2265 780 2291 auf
796 2265 862 2292 dem
883 2265 1093 2292 bezeichneten
1113 2265 1230 2291 Folium
1250 2267 1303 2292 mit
1323 2265 1388 2292 dem
1410 2266 1493 2293 litur-

167 2303 292 2337 gischen
311 2305 417 2333 Texte:
442 2304 601 2339 „Libera
623 2312 686 2336 me,
709 2303 882 2336 Domine,
904 2303 945 2331 de
967 2309 1083 2330 morte
1104 2306 1258 2331 aeterna
1280 2305 1314 2331 in
1337 2304 1396 2331 die
1422 2304 1493 2331 illa

164 2343 377 2374 tremenda,
406 2342 555 2379 quando
583 2341 684 2369 caeli
714 2342 888 2370 movendi
917 2344 1005 2369 sunt
1034 2342 1315 2374 etterra;du1n
1337 2344 1490 2370 veneris

164 2381 340 2411 iudicare
361 2381 558 2410 saeculum
578 2381 795 2417 perignem.
835 2381 1092 2408 Tremefactus
1114 2401 1121 2407 .
1143 2401 1150 2407 .
1171 2380 1194 2408 .“
1236 2381 1320 2408 Nach
1340 2381 1490 2410 letzterem

163 2421 269 2450 Worte
296 2422 419 2458 beginnt
446 2420 494 2447 die
516 2419 677 2447 Riickseite
703 2418 754 2446 des
776 2419 838 2447 Fol.
866 2418 936 2454 262,
966 2420 1075 2446 welche
1104 2420 1174 2447 aber
1201 2419 1247 2446 bis
1275 2419 1328 2447 auf
1351 2420 1398 2447 dic
1425 2421 1489 2447 einr:

220 2471 351 2500 Blume,
368 2471 448 2502 Tropi
466 2469 627 2494 Graduales.
660 2469 698 2492 11.
1280 2470 1316 2495 22)
