1653 2689
341 513 380 551 G.
419 513 542 560 'Propi
567 513 616 550 ad
643 514 866 550 extremum
892 514 1058 551 Versum
1085 514 1304 552 offertorii.

555 656 623 688 597.
655 657 834 688 Dominica
854 659 882 688 1.
905 658 1086 688 Adventus.

667 728 698 762 1.
724 728 878 759 lumem-i

159 795 220 826 2a.
256 793 310 834 Te,
339 793 505 832 altissime,
852 796 913 828 2b.
946 795 1065 832 Gloria,
1095 796 1162 827 laus
1187 799 1216 826 et

258 845 424 873 venturum
452 851 544 882 quem
946 843 1058 881 honor,
1085 843 1223 882 Christe,

256 889 349 929 longe
376 890 520 922 cecinere
545 891 734 930 prophetae.
947 892 993 922 sic
1020 891 1137 922 dicitur
1163 891 1232 933 tibi,
1261 900 1316 923 rex
1343 892 1407 931 pie,

157 957 218 990 3a.
255 956 315 995 Qui
343 957 431 988 venis
457 958 582 988 salvare
609 965 658 988 me
849 958 910 992 3b.
943 958 1018 997 Ipse
1045 957 1162 989 blande
1187 959 1313 998 suscepi
1340 962 1370 989 te

254 1004 296 1035 ad
323 1009 354 1035 te
380 1013 454 1036 vera
480 1004 557 1038 fide.
946 1006 1059 1037 devote
1086 1010 1116 1036 te
1143 1005 1285 1039 volente.

233 1080 321 1114 Trop.
350 1088 402 1106 τηε.
430 1080 621 1107 Martialense
648 1067 718 1106 anni
747 1078 889 1107 933—36.
931 1081 1001 1107 Cod.
1023 1081 1149 1107 Parisin.
1174 1079 1254 1107 1240.
1276 1082 1309 1108 A.
1333 1096 1369 1100 —
1389 1081 1476 1116 Trop.

156 1126 209 1144 [ηε.
239 1118 421 1145 Nivernense
450 1127 524 1145 saec.
555 1116 598 1144 12.
639 1118 711 1145 Cod.
739 1119 866 1145 Parisin.
891 1119 986 1146 Nouv.
1012 1127 1074 1153 aeq.
1101 1117 1181 1146 1235.
1203 1120 1235 1145 B.
1258 1136 1292 1139 —
1315 1119 1405 1154 Trop.
1426 1128 1478 1146 ωε.

156 1156 369 1183 Moissiacense
391 1165 468 1183 saec.
494 1155 535 1183 11.
578 1157 649 1184 Cod.
671 1156 798 1184 Parisin.
820 1158 915 1184 Nouv.
937 1165 1000 1192 aeq.
1026 1155 1104 1184 1871.
1127 1158 1158 1184 C.
1181 1172 1217 1175 —
1238 1156 1294 1189 2³,
1317 1155 1335 1183 2
1355 1167 1412 1193 que
1432 1160 1478 1189 (st.

157 1194 254 1229 quem)
281 1196 339 1222 AC.
367 1208 403 1213 —
432 1194 486 1225 221,
515 1193 533 1219 3
559 1196 689 1221 cecinere
717 1195 821 1222 devote
848 1195 893 1226 (st.
921 1194 1091 1230 prophetae)
1116 1196 1174 1223 BC.
1196 1211 1231 1215 —
1252 1194 1310 1227 21³,
1342 1194 1354 1222 1
1386 1205 1427 1231 sq.
1451 1199 1479 1222 et

153 1231 248 1259 honor
276 1232 340 1259 laus
363 1234 395 1259 Α.
417 1247 454 1251 —
473 1232 492 1259 3
502 1241 528 1263 a,
553 1232 565 1259 1
592 1234 659 1260 veni
681 1234 712 1260 C.
736 1250 771 1253 —
796 1232 852 1262 3a,
881 1232 899 1260 2
920 1236 948 1259 et
967 1236 1014 1264 (st.
1035 1233 1083 1262 ad)
1104 1236 1132 1260 te
1155 1235 1185 1264 B,
1208 1237 1236 1260 et
1256 1238 1288 1260 tu
1309 1242 1379 1260 vera
1409 1235 1478 1261 fides

156 1271 187 1297 C.
212 1285 246 1289 —
267 1268 318 1300 3b,
343 1270 356 1298 1
380 1273 510 1305 suscepit
531 1274 559 1297 et
579 1272 612 1303 B,
634 1271 670 1298 ln
692 1274 719 1298 te
740 1272 848 1299 blande
869 1273 984 1307 suscipe
1008 1276 1036 1299 et
1057 1273 1088 1298 U.
1110 1286 1146 1290 —
1168 1272 1233 1298 Alie
1253 1272 1398 1307 Strophon
1422 1272 1479 1299 und

154 1309 245 1336 Verse
274 1308 431 1336 schliessen
458 1310 522 1337 hier
550 1310 604 1336 wie
632 1310 679 1337 bei
703 1311 752 1336 ΝΥ.
775 1307 830 1336 598
859 1311 911 1336 auf
929 1316 962 1342 e,
991 1310 1202 1344 entsprechend
1230 1310 1294 1337 dem
1319 1311 1476 1343 „Invocavi

152 1345 211 1374 te“.
233 1362 271 1366 —
291 1347 370 1374 Titel
399 1348 428 1373 in
451 1349 489 1374 B:
521 1347 665 1381 ‚‚Pr0⁴³a“;
694 1349 724 1374 in
745 1348 769 1375 A
798 1348 842 1374 als
871 1351 946 1375 erste
968 1350 1107 1375 Nummer
1138 1350 1167 1375 in
1191 1348 1242 1374 der
1264 1349 1478 1384 „Congregatio

152 1383 334 1420 prosarum“.
356 1401 392 1405 —-
418 1386 477 1413 Der
499 1387 639 1421 tropierte
661 1384 686 1412 2.
703 1386 839 1413 Versikel
860 1387 910 1413 des
927 1385 1113 1413 offertorium
1136 1387 1243 1414 lautet:
1266 1388 1421 1421 Respice
1444 1389 1480 1414 in

152 1433 203 1450 me
231 1426 266 1451 et
293 1425 474 1451 miserere
504 1425 585 1454 mei.
615 1425 784 1454 Domine:
814 1424 1148 1451 custodi'animam
1176 1434 1287 1451 meam
1317 1428 1350 1451 et
1375 1427 1479 1461 eripe

153 1471 221 1497 me;
243 1471 315 1489 non
337 1462 559 1495 confundar,
590 1463 767 1498 quoniam
799 1462 975 1490 invocari
1003 1464 1044 1490 tc.

548 1565 616 1596 598.
651 1566 829 1596 Dominica
850 1566 877 1597 I.
901 1566 1084 1597 Adventus.

664 1638 679 1668 1
687 1660 695 1668 .
720 1637 876 1668 Invocavi

155 1705 214 1738 22.
250 1703 305 1746 Te,
334 1703 450 1735 exaudi
475 1711 535 1741 me,
848 1704 910 1737 2b.
944 1704 1127 1736 Conclamat
1155 1703 1256 1743 plebs,

249 1755 378 1783 aeterne
405 1761 480 1792 rex;
943 1761 1038 1783 sexus
1064 1756 1209 1792 uterque,

251 1804 284 1831 te
309 1800 547 1839 redemptorem
572 1800 635 1831 iam
661 1801 787 1834 venisse
943 1805 975 1831 le
1001 1800 1150 1831 laudibus
1177 1808 1373 1840 prosequens
1399 1802 1463 1840 pie.

154 1869 214 1901 3a.
250 1868 288 1900 In
317 1868 365 1899 via
394 1876 510 1905 ramos,
539 1874 643 1899 vestes
851 1868 912 1900 3b.
945 1867 1097 1898 Hosanna
1124 1870 1231 1898 cantat
1257 1868 1388 1907 tibique,

249 1916 365 1947 sternit
390 1915 475 1947 laeto
501 1915 614 1955 corde„
946 1915 1081 1946 Domine
1108 1924 1226 1956 rexque
1253 1916 1349 1948 celse.

227 1993 315 2028 Trop.
344 2001 397 2019 ms.
425 1992 640 2020 Moissiacense
668 2000 744 2019 saec.
776 1990 819 2019 ll.
860 1993 930 2020 eod.
961 1992 1086 2018 Parisin.
1117 1993 1211 2019 Nouv.
1240 2000 1302 2027 aeq.
1334 1989 1414 2018 1871.
1442 2007 1478 2010 *-

150 2028 206 2063 3a,
238 2029 251 2059 1
279 2034 370 2058 veste.
392 2045 431 2048 ——
450 2028 508 2063 3a‚
535 2028 553 2056 2
582 2030 673 2058 lectos
693 2034 739 2061 (st.
762 2030 858 2061 laeto).
880 2046 917 2049 —
939 2028 998 2062 3b,
1028 2029 1039 2057 1
1064 2030 1177 2065 tibique
1199 2034 1328 2057 cantant.
1350 2045 1387 2049 —-
1407 2031 1476 2058 Mau

149 2070 210 2105 vgl.
232 2071 349 2105 Repert.
374 2069 516 2104 Hymnol.
537 2068 710 2096 chevaliers
732 2070 781 2096 Nr.
803 2067 915 2097 28:⁴20.

548 2172 617 2202 599.
650 2172 828 2202 Dominica
849 2173 876 2203 I.
899 2173 1082 2203 Adventus.

664 2243 678 2275 1
688 2268 694 2275 .
722 2242 878 2274 [revocavi

150 2313 212 2345 2³.
247 2311 303 2348 Te,
333 2310 531 2350 redemptor,
559 2319 626 2347 rex,
847 2310 910 2342 2b.
942 2310 1071 2342 Adiuva
1097 2319 1156 2349 me,
1185 2319 1239 2342 rex

247 2358 400 2398 salvator,
429 2367 505 2397 pax,
944 2358 1154 2398 omnipotens,

247 2407 302 2439 lux
330 2404 477 2446 pacifica,
505 2413 578 2445 spes
605 2409 747 2439 aeterna.
944 2407 1060 2438 exaudi
1088 2415 1146 2448 me,
1174 2407 1270 2439 salus.
1299 2412 1329 2437 te
1352 2415 1476 2446 precor.

1245 2461 1305 2491 20*
