1653 2689
638 135 684 140 —
738 115 804 152 155
854 134 902 141 -—

238 215 270 247 3.
298 212 507 254 Cunctorum,
535 213 674 256 Christe,
701 217 884 246 sanctorum
910 212 1044 246 crimina
1069 213 1168 252 solve,

296 261 343 296 Ut
372 269 482 293 verum
509 261 634 302 possint
656 265 689 293 te
715 261 825 294 mundi
851 270 983 293 cernere
1009 261 1126 302 lumen,

373 309 400 336 et
420 305 634 336 laudabuntur
653 315 754 336 omnes
774 307 846 336 recti
868 306 963 336 corde.

239 348 272 382 4.
299 347 440 388 Agmina
466 348 587 380 caelica
613 348 691 380 dent
717 348 776 380 tibi
802 347 914 380 laudes
943 345 1048 391 [voce]
1076 349 1227 388 perenni:

373 392 502 422 Eaeaudi
522 392 608 423 Deus
629 393 799 422 orationem
822 401 923 422 meam.

183 465 273 502 Trop.
303 475 357 494 ms.
384 466 579 494 Martialense
607 475 684 494 saec.
714 465 757 494 10.
798 467 868 494 Cod.
893 467 1020 494 Parisin.
1043 464 1125 494 1084.
1147 468 1181 494 A.
1203 481 1239 485 -—
1259 467 1348 502 Trop.
1378 476 1429 494 mS.

104 505 300 534 Martialem-xe
321 513 397 533 saec.
422 503 465 532 10.
487 514 531 533 ex.
574 504 644 532 Cod.
666 505 792 532 Parisin.
817 502 898 532 1118.
921 507 952 532 Β.
974 520 1010 524 —
1031 505 1119 540 Trop.
1141 513 1193 532 ms.
1216 506 1244 533 S.
1266 506 1430 539 Martinit?)

107 545 330 572 Lemovicensis
354 552 431 571 saec.
455 542 498 571 11.
535 543 605 572 Cod.
627 544 752 571 Pal-isin.
774 541 839 571 887.
862 543 893 570 C.
915 557 951 562 —
966 544 1053 578 Trop.
1077 552 1130 570 mS.
1145 545 1174 572 S.
1190 543 1311 570 Martini
1326 544 1430 570 Lemo-

106 582 236 610 vicensis
257 590 333 610 saec.
360 580 403 609 11.
426 582 465 608 in.
500 582 570 609 Cod.
586 582 713 609 Parisin.
739 579 820 608 1120.
836 582 872 609 D.
895 597 932 600 —
946 582 1034 617 Trop.
1055 590 1107 609 ms.
1123 582 1333 609 Moissiacense
1355 590 1429 608 saec.

109 620 153 649 11.
194 620 265 648 eod.
293 621 420 648 Parisin.
450 621 545 648 Nouv.
575 628 638 655 aeq.
667 618 750 647 1871.
778 619 813 647 Ε.
836 635 870 640 -
899 621 987 655 Trop.
1016 627 1068 648 ms.
1096 620 1302 647 Glastoniense
1323 620 1430 649 (?Can—

104 658 264 693 tuariense)
293 667 369 688 Saea.
394 657 438 686 11.
468 667 512 686 ex.
539 658 579 690 (et
603 657 658 691 12.)
698 658 768 686 Cod.
792 659 954 685 Londinen.
977 659 1071 693 Calig.
1093 659 1118 685 A
1139 659 1217 686 XIV.
1239 658 1270 686 F.
1293 672 1328 677 —-
1353 657 1383 691 1,
1415 656 1428 684 1

106 698 170 726 orbi
191 697 222 725 F.
244 711 282 717 --
304 696 338 730 l,
368 694 386 724 2
408 697 529 724 referret
549 698 587 728 F;
616 697 695 723 mitis
723 696 769 730 (st.
791 697 916 729 cunctis)
937 696 967 723 C.
991 712 1024 716 —
1047 696 1073 729 2,
1097 695 1110 723 1
1134 697 1217 724 Nunc
1240 697 1301 730 cF;
1326 700 1430 731 potens

106 737 283 766 Saturninus
305 736 336 769 C,
358 739 463 771 potens
484 736 644 763 iubilemus
666 736 727 763 alta
750 736 779 762 F.
802 751 838 755 —
860 733 878 762 3
899 744 960 772 ¹sqq.
983 735 1080 763 t'ehlen
1095 735 1126 761 F.
1143 749 1179 754 —-
1194 734 1212 761 4
1233 734 1305 762 fehlt
1319 735 1378 761 AB.
1395 748 1430 753 —

105 775 166 842 1{er
185 773 301 811 Tropus
330 776 370 802 ist
391 776 422 802 in
444 775 466 802 C
488 774 542 802 auf
558 774 614 801 den
636 773 674 801 hl.
698 775 876 802 Saturninus
898 774 1089 810 angewandt,
1123 775 1153 800 in
1174 774 1197 800 F
1219 774 1255 801 de
1276 773 1431 801 Communi

138 814 254 848 artyris.

525 883 595 913 362.
629 883 667 913 In
690 883 801 913 sancti
826 882 1009 913 Vincentii.

278 958 310 990 1.
337 959 397 997 Qui
424 960 538 990 merito
565 958 640 990 fidei
667 962 788 989 mentes
814 957 984 988 solidando
1010 962 1135 988 tuorum

340 1006 451 1038 Deicis
477 1006 631 1038 adversas
658 1005 792 1044 pulchro
818 1005 1035 1036 moderamine
1061 1005 1156 1044 vires,

419 1050 457 1080 171
479 1051 586 1080 virtute
606 1053 672 1084 tun,
693 1050 832 1084 Domim,
854 1049 1014 1079 laetabitur
1034 1050 1146 1081 iustus,

281 1094 313 1126 2.
340 1093 410 1126 Hac
436 1093 505 1124 acie
531 1093 680 1132 quoniam
706 1091 855 1123 vitiorum
880 1090 1017 1130 proterit
1042 1090 1181 1126 hostem;

418 1140 445 1166 et
465 1146 557 1174 super
578 1137 714 1165 salutare
735 1139 820 1165 tuum
842 1134 1003 1165 exsultabit
1024 1135 1214 1167 vehementer,

280 1180 312 1212 3.
341 1179 405 1211 Per
429 1179 515 1218 quod
542 1179 608 1210 vita
633 1178 696 1218 piis
723 1178 825 1218 patuit
853 1185 911 1217 per
936 1177 1064 1208 saecula
1089 1177 1230 1214 cunctis3

416 1223 600 1253 desiderium
621 1223 744 1251 animae
764 1222 838 1256 eius,

280 1267 315 1298 4.
341 1265 472 1298 Scilicet
498 1268 648 1297 aeternae
673 1263 833 1296 radiantia
858 1263 1002 1303 praemia
1028 1264 1122 1303 vitae,

415 1310 552 1339 tribuisti
571 1310 606 1338 ei.

184 1380 273 1416 Trop.
300 1387 353 1408 ms.
379 1378 668 1416 Sammaglorianum
689 1386 765 1406 saec.
790 1375 832 1404 12.
875 1377 944 1403 Cod.
964 1376 1087 1402 Parisiu.
1112 1372 1218 1402 13252.

527 1486 597 1516 363.
631 1487 668 1516 111
690 1486 801 1516 sancti
823 1484 1008 1515 vincentii.

249 1564 282 1597 1.
308 1561 470 1595 Diffidens
495 1561 641 1602 propria,
667 1561 823 1592 tumidum
852 1560 925 1591 dum
952 1559 1088 1599 proterit
1115 1558 1249 1599 hostem,

380 1607 421 1635 Iu
442 1607 553 1636 virtute
574 1610 637 1639 tua,
659 1605 799 1639 Domine,
823 1604 983 1634 laetabitur
1006 1604 1124 1637 iustus,-

244 1651 278 1684 2.
304 1650 451 1689 Pectore,
478 1657 557 1681 voce
583 1647 676 1680 simul
701 1647 900 1685 Vincentius,
927 1654 1011 1685 eece,
1038 1645 1214 1684 triumphat

377 1697 406 1723 et
425 1703 517 1731 super
539 1693 674 1722 salutare
694 1694 791 1728 tuum,

245 1737 277 1771 3.
304 1736 370 1768 Per
396 1735 482 1775 quod
507 1738 697 1777 perpetuum
725 1733 830 1765 victor
855 1732 1001 1773 regnabit
1026 1732 1058 1763 in
1085 1739 1206 1772 aevum,

377 1780 541 1810 exsultabit
563 1779 750 1813 vehementer,

242 1825 274 1856 4.
302 1822 370 1863 Quo
397 1831 482 1864 spes,
509 1830 572 1861 quo
598 1820 724 1861 requies
751 1823 858 1851 manet
884 1817 1067 1850 indubitata
1093 1817 1257 1857 laborum3

376 1866 564 1897 desiderium
584 1867 705 1895 animae
725 1865 800 1899 eius,

239 1912 275 1944 5.
303 1909 380 1942 Post
407 1917 543 1949 poenam
571 1907 728 1947 bravium,
755 1909 829 1946 post
855 1905 990 1937 verbera
1017 1905 1088 1938 dira
1115 1914 1263 1936 eoronam

376 1954 512 1983 tribuisti
537 1953 572 1982 ei.

179 2030 268 2066 Trop.
303 2037 356 2057 ms.
379 2027 667 2064 Sammaglorianum
690 2011 766 2054 suec.
789 2024 833 2053 12.
875 2025 946 2054 Cod.
967 2024 1095 2051 Parisin.
1119 2021 1227 2051 13252.
1249 2037 1284 2042 ——
1306 2024 1365 2050 Der
1386 2023 1434 2049 In-

106 2069 279 2098 troitustext
299 2068 423 2104 beginnt
444 2068 474 2094 in
494 2067 547 2094 der
567 2067 622 2094 Hs.
647 2064 834 2093 sinnstfirend
856 2066 916 2092 erst
936 2063 1011 2091 nach
1033 2062 1098 2090 dem
1120 2060 1145 2088 2.
1168 2063 1355 2089 Hexameter.

528 2175 598 2207 384.
630 2175 669 2205 In
691 2174 804 2205 sancti
826 2172 1010 2205 vincentii.

278 2255 308 2288 1.
335 2251 482 2285 Palmam
506 2250 671 2284 vincentii
696 2251 846 2282 tollamus
872 2249 913 2282 ad
940 2251 1029 2281 astra
1053 2248 1190 2286 tonanti,

339 2300 480 2332 Vocibus
506 2298 642 2340 egregiis
669 2299 854 2339 psallentes,
882 2297 942 2338 eia,
970 2305 1138 2329 canamus:

413 2345 455 2374 1η
474 2344 582 2374 virtute
601 2345 666 2379 tua,
687 2342 830 2379 Domine,
851 2342 1015 2372 laetabitur
1038 2343 1147 2376 iustus,

274 2391 323 2423 2.·
337 2387 454 2421 omnia
478 2386 533 2426 qui
557 2385 646 2418 saevi
671 2385 796 2425 sprevit.
819 2387 980 2416 tormenta
1005 2383 1146 2424 tyranni,

414 2435 442 2462 et
462 2439 555 2469 super
575 2429 711 2461 sabutare
730 2433 818 2459 tuum
838 2429 1004 2459 exsultabit
1023 2428 1203 2458 vehementer
