1653 2689
656 103 916 139 -105—

204 193 294 232 Trop.
323 205 376 224 ms.
398 197 428 226 S.
449 198 602 227 Benedicti
623 200 776 228 Mantuani
798 208 874 228 saec.
898 198 942 226 11.
983 198 1052 228 Uod.
1075 200 1170 234 Capit.
1195 200 1341 228 Veronen.
1365 203 1446 230 CVII

121 230 212 267 (1⁰0).
238 234 273 262 A.
298 248 335 254 —
363 235 452 272 Trop.
480 245 533 264 ms.
561 238 724 266 Casinense
749 247 826 266 saec.
856 235 899 266 12.
927 239 965 265 in.
1007 237 1077 266 Cod.
1099 238 1237 266 casinen.
1265 237 1330 267 546.
1354 241 1387 268 Β.
1411 256 1444 260 -

119 269 216 307 Trop.
242 279 296 300 ms,
316 273 420 300 ineert.
443 275 547 311 origin.
567 275 784 312 (fragmentum)
804 285 880 304 saec.
902 274 947 303 12.
989 275 1059 304 Cod.
1082 276 1217 303 vatican.
1239 278 1336 305 ottob.
1365 277 1445 306 1267.

121 309 157 337 C.
181 323 218 329 —
239 310 262 338 C
282 311 431 339 verdanke
452 312 500 339 ich
520 313 685 341 Bannister.

539 471 608 502 2⁶25.
641 472 678 500 In
700 472 811 502 sancti
834 472 1028 503 clementis.

302 568 332 600 1.
360 568 477 608 Fulget
501 569 533 600 in
559 569 673 600 ordine
699 570 876 608 apostolico
903 572 1033 610 praesul
1060 571 1260 603 venerandus

362 615 462 648 Urbis
488 616 690 658 Romulidae,
719 617 866 649 Clemens
893 621 1013 657 pastor,
1042 619 1090 649 cui
1118 628 1258 650 summus

420 660 508 689 Dicit
528 659 701 689 Dominus:
723 662 880 691 iS'ey-mones
903 664 968 696 mei,

362 701 506 732 Pectoris
533 710 550 732 e
575 710 667 734 sacro
693 707 858 735 manantes
885 703 973 735 fonte
999 704 1139 744 superni,

424 754 499 783 quos
521 745 589 776 dedi
609 747 640 775 ιή
662 756 696 776 08
718 750 801 775 tuum

358 787 494 820 Munere
519 788 670 828 gratuito,
694 797 756 828 quo
783 788 823 820 do
849 790 949 830 gratis
976 789 1058 821 bona
1085 791 1217 829 cunctis,

421 841 484 861 ‘non
505 833 643 869 deficient
663 833 697 862 de
717 841 768 862 ore
789 836 848 868 tuo,

360 874 452 913 Quod
478 879 590 906 nectar
615 875 753 906 caeleste
779 876 883 914 replet
910 877 1087 907 ructamine
1115 876 1208 918 divo;

422 918 507 948 adest
528 920 605 948 enim
627 928 733 948 nomen
756 923 840 948 tuum

329 988 334 994 .
361 960 546 999 Ascm'ptum
573 961 605 992 in
632 961 715 992 libro
742 962 826 992 vitae
853 962 998 994 caelestis
1025 963 1127 1003 herili,

421 1009 447 1034 et
468 1014 594 1034 munera
615 1009 679 1040 cua,

359 1046 445 1085 Quae
472 1047 590 1087 typicis
615 1048 772 1087 adoperta
796 1053 905 1086 patent
933 1052 1075 1080 reserata
1102 1049 1221 1089 figuris,

419 1095 541 1128 arrepta
562 1095 651 1121 erunt

359 1132 424 1165 Tus
450 1138 484 1164 ut
509 1133 706 1165 odoriferum
734 1134 913 1166 redolentia
940 1135 1074 1166 balsami
1101 1134 1243 1175 odorque

421 1186 512 1214 super
532 1178 628 1207 altare
650 1187 752 1208 meum.

299 703 333 1165 5¹9³0=ff²9050

201 1266 290 1302 Trop.
319 1275 371 1294 ms,
398 1266 590 1293 Martialense
618 1274 693 1293 saec.
724 1265 765 1292 lo.
813 1267 883 1293 (jod,
911 1267 1035 1293 l'arisin.
1067 1265 1139 1294 1084
1167 1268 1200 1294 A.
1222 1282 1259 1285 —
1278 1269 1366 1303 Trop.
1394 1277 1446 1295 ms.

123 1304 318 1332 Martialense
350 1313 423 1332 saec⁴
460 1303 502 1331 11.
551 1304 621 1331 eod.
651 1305 776 1331 l’arisin.
809 1303 873 1332 909.
903 1306 935 1331 B.
964 1320 1001 1323 —
1028 1306 1115 1340 Trop.
1144 1315 1196 1332 ms.
1226 1307 1255 1333 S.
1283 1307 1447 1339 Martini&

122 1343 345 1371 Lemovicensis
372 1351 447 1370 saec.
478 1342 520 1370 11.
568 1343 637 1370 Cod.
668 1343 792 1370 Parisiu.
822 1341 886 1370 887.
914 1346 944 1370 C.
973 1358 1009 1361 ——
1037 1344 1123 1380 Trop.
1153 1354 1204 1371 ms.
1234 1345 1444 1372 Moissiacense

124 1390 199 1410 saec.
231 1380 274 1408 11.
316 1382 386 1409 Cod.
414 1382 540 1409 I'arisin.
569 1381 663 1408 Nouv.
693 1389 755 1416 aeq.
790 1379 868 1408 1871.
892 1382 926 1408 D.
949 1396 984 1400 ——
1010 1381 1038 1411 1,
1066 1380 1084 1408 2
1109 1384 1234 1410 Romula
1262 1383 1296 1410 de
1319 1384 1349 1410 C.
1371 1398 1408 1403 —
1429 1382 1446 1410 ‘2

123 1421 258 1448 Rectoris
281 1421 316 1448 D.
338 1435 374 1439 —
397 1420 414 1445 ἒ),
435 1422 565 1456 gratuita
588 1420 622 1446 1).
644 1434 678 1438 -
703 1418 719 1446 Τ
742 1422 773 1446 ut
794 1420 866 1446 fehlt
888 1421 920 1446 12,

543 1581 612 1611 226.
645 1581 680 1610 In
704 1581 813 1611 sancti
837 1580 1032 1611 (affluentis.

300 1682 332 1714 1.
361 1680 517 1714 Clementi
544 1682 679 1712 credens
707 1680 807 1712 divini
835 1680 956 1712 semina
983 1680 1073 1712 verbi

425 1725 513 1754 Dz'ez't
533 1724 710 1754 Dominus.-
732 1724 888 1754 Sermones
911 1726 974 1758 mei,
997 1734 1072 1761 quos
1093 1725 1161 1753 dedi
1180 1726 1213 1754 in
1236 1733 1269 1753 os
1291 1729 1374 1755 tunm

301 1769 333 1801 2.
360 1767 413 1800 Ad
441 1768 550 1807 populi
579 1767 769 1800 documenta
794 1767 838 1807 pii
866 1767 1042 1806 promenda
1068 1767 1172 1808 saluti,

423 1822 484 1841 non
506 1812 642 1849 deficient
662 1812 697 1841 de
719 1820 770 1840 ore
792 1816 853 1847 tuo,

302 1855 334 1887 3.
361 1854 452 1894 Quod
479 1852 603 1894 profert
631 1854 748 1885 veteris
775 1862 836 1894 que
862 1862 962 1885 novae
988 1854 1142 1894 mysteria
1167 1853 1267 1896 legis;

425 1899 510 1928 adest
529 1899 608 1928 enim
630 1908 732 1928 nomen
755 1902 839 1927 tuum

301 1942 335 1974 4.
361 1940 410 1974 Ob
437 1942 583 1972 meritum
613 1941 708 1981 digne
734 1940 858 1972 cunctis
884 1941 1090 1972 memorabile
1116 1941 1252 1979 saecli53

425 1989 451 2014 et
470 1994 599 2014 ¹munera
620 1989 674 2015 tua
695 1989 816 2023 accepta
837 1989 935 2021 erunt,

298 2028 330 2059 5.
357 2027 457 2059 Sacra
482 2036 555 2059 caro
581 2027 778 2059 immaculati
804 2028 878 2067 agni
904 2037 973 2059 cum
1001 2027 1154 2066 sanguine
1181 2027 1268 2059 facta

425 2081 519 2109 super
539 2072 636 2102 altare
657 2082 759 2102 meum.

205 2160 294 2197 Trop.
323 2170 374 2187 ms.
403 2161 595 2188 Martialense
624 2170 699 2189 saec.
730 2159 772 2189 10.
813 2162 883 2189 Cod.
907 2162 1033 2189 Parisin.
1064 2160 1145 2189 1054.
1167 2162 1200 2188 A.
1224 2176 1259 2180 —
1280 2162 1368 2197 Trop.
1397 2171 1449 2189 ms,

126 2199 323 2228 Martialense
354 2208 430 2227 saec.
467 2197 508 2226 ll.
557 2200 627 2227 Cod.
656 2200 783 2228 Parisin.
811 2198 876 2227 909.
907 2201 939 2226 Β.
973 2215 992 2218 ss
1032 2201 1121 2235 Trop.
1149 2209 1202 2226 ms·
1231 2200 1260 2226 S.
1288 2199 1451 2233 Martini(?l

126 2239 351 2267 Lemovicensis
382 2246 458 2265 saec.
489 2236 532 2264 11.
584 2238 655 2266 Cod.
684 2239 811 2266 Parisin.
839 2237 905 2267 887.
931 2240 962 2266 C.
986 2255 1018 2259 —
1042 2240 1129 2274 Trop.
1158 2247 1210 2265 ms.
1240 2239 1451 2267 Moissiacense

125 2285 203 2305 saec.
234 2275 278 2304 ll.
320 2276 390 2304 Cod.
413 2277 540 2303 Parisin.
562 2276 657 2304 Nouv.
683 2286 746 2312 aeq.
772 2276 853 2305 1871.
876 2279 911 2305 D.
934 2292 970 2296 —
996 2276 1006 2304 l
1031 2277 1191 2305 Clementis
1214 2277 1274 2305 BD.
1296 2291 1332 2296 ——
1354 2276 1372 2304 2
1393 2279 1450 2314 piis

123 2315 159 2343 C.
182 2332 218 2336 —
240 2316 276 2343 In
296 2315 375 2343 BCD
396 2314 470 2351 folgt
490 2315 565 2342 noch
588 2315 650 2348 „Ad
671 2314 888 2352 Repetendum“
910 2315 985 2351 („Ad
1007 2315 1226 2344 sufficiendum“
1250 2315 1297 2347 C):

435 2372 590 2400 Ecclesiae
609 2373 711 2400 caulas
732 2375 845 2409 pastori
865 2375 922 2401 rite
942 2376 1037 2401 tuenti

514 2408 602 2438 Dim't
622 2407 795 2439 Dominus.-
817 2409 975 2439 Sermones
996 2411 1052 2439 mei
1073 2413 1124 2440 etc.
