1653 2689
627 102 922 150 v—25—

220 193 254 228 1,
281 193 302 222 2
327 204 405 233 papa
430 195 480 232 (st.
505 196 644 233 namque)
668 197 707 230 F,
733 197 803 226 dum
827 206 927 234 preces
948 198 970 225 I.
992 212 1030 216 —-
1051 195 1083 229 1,
1109 195 1128 224 3
1148 197 1282 226 funderet
1303 197 1408 226 CEG.
1434 212 1462 218 ν-

145 232 171 269 1,
191 231 212 261 4
230 234 362 262 musicae
383 234 424 270 1);
446 235 555 263 donum
568 235 630 269 EF,
649 237 736 263 tonus
750 235 789 264 H.
810 250 847 255 —
871 235 894 270 1,
915 234 933 263 5
953 235 1080 272 desuper
1099 235 1171 263 fehlt
1186 236 1216 262 F.
1240 251 1278 255 —
1301 236 1323 267 1,
1346 234 1364 263 6
1383 236 1467 264 daret

143 271 176 300 F.
199 287 232 291 —
254 269 287 305 2,
316 270 331 299 l
354 272 435 300 Huic
453 273 478 301 1.
498 288 535 294 ·—
556 271 590 307 2,
618 273 637 302 4
657 274 746 302 eorda
766 274 858 303 DEG.
878 288 914 293 —-
936 271 969 307 2,
999 273 1016 301 5
1038 277 1067 300 et
1086 277 1156 300 tuuc
1175 273 1291 302 demum
1312 273 1405 302 EGH.
1427 289 1464 295 -—

141 308 176 343 2,
203 309 222 338 6
246 309 350 339 ‘licens
378 310 440 338 GE.
464 326 503 331 —
528 311 586 338 Die
612 311 742 340 Melodie
768 314 847 348 zeigt
871 313 995 346 kefflen,
1022 312 1073 339 der
1101 312 1177 339 Text
1203 312 1270 339 sehr
1294 312 1468 340 schwaehen

143 347 368 377 Parallelismus
391 349 539 377 zwisehen
559 349 617 377 den
637 349 742 378 beiden
763 351 925 387 Str-uphem
955 350 1019 378 dem
1041 350 1260 378 Interessanten
1281 351 1331 378 des
1352 351 1467 379 Inhalts

142 386 290 416 verdankt
315 387 407 415 daher
433 396 487 415 vor
515 387 602 415 anem
629 387 725 415 dieser
751 389 882 424 Tropun,
909 388 960 416 der
988 389 1043 416 den
1071 388 1231 415 Nummern
1260 388 1272 415 1
1302 388 1361 416 und
1390 388 1408 416 2
1434 398 1466 416 so

144 425 298 454 verwandt
317 426 366 459 ist,
388 426 470 454 seina
483 425 657 453 Aufnahme.
678 441 716 445 —
736 427 771 454 In
789 427 813 454 Α
826 428 850 454 Β
861 428 887 454 Ε
903 427 973 454 wird
988 427 1039 454 der
1053 427 1260 454 Introitustext
1275 426 1351 454 noch
1367 429 1467 455 weiter

145 465 286 501 tropina,
307 465 380 492 aber
401 465 433 491 in
453 465 551 492 reiner
570 464 672 497 Prosa,
693 465 838 492 niimlich:
862 467 983 493 Creator
1003 464 1078 492 caeli
1101 469 1130 492 et
1150 469 1245 493 terrae
1267 466 1419 492 institutor
1440 469 1467 492 et

145 505 249 536 rector,
270 502 398 538 adimple
419 503 451 529 in
471 502 557 530 nobis
571 501 657 530 fidem
673 506 702 529 et
715 503 903 531 dilectionem
918 506 1008 535 tuam,
1030 500 1116 530 Deus
1130 510 1223 535 meus,
1246 502 1281 529 in
1296 505 1322 531 te
1336 502 1467 538 confido:

144 548 208 569 ‘mm
221 538 400 574 erubescam,
421 541 463 569 Ut
476 541 623 577 possimus
639 543 804 569 contrariae
818 543 922 569 virtuti
937 543 1074 569 resistere
1090 550 1123 568 ac
1139 542 1194 569 tibi
1209 541 1334 570 fideliter
1347 543 1466 572 servire,

143 585 238 615 neque
257 577 409 607 irrideant
427 585 471 606 me
492 577 610 606 inimici
629 578 685 606 mei
707 583 761 606 ete.

582 711 614 743 4.
647 711 686 742 In
708 713 860 743 Adventu
881 713 1030 743 Domini.

377 791 403 824 Ο
430 791 588 833 benefida,
615 792 680 824 tuis
706 793 797 831 assis,
825 792 994 833 protectio,
1021 792 1141 834 servis;

376 857 432 890 Ad
454 859 485 891 te
511 858 616 890 levavi
642 858 792 890 animam
817 868 934 897 meam,
962 859 1053 891 Deus
1075 868 1165 891 ‘meus
1192 862 1252 891 etc.

223 943 312 979 Trop.
341 952 394 971 ms.
416 944 622 972 Wintoniense
650 952 725 971 saec.
758 941 800 971 10.
826 953 869 971 ex.
917 944 987 972 cod.
1019 945 1160 972 Oxonien.
1183 943 1265 970 Bodl.
1291 942 1355 970 775.
1377 944 1410 970 A.
1433 957 1469 961 -

147 982 237 1018 Trop.
257 990 311 1009 ms.
333 982 542 1010 Wintoniense
563 991 639 1010 saec.
662 981 705 1008 11.
741 982 810 1010 cod.
833 982 908 1010 Con.
929 984 1016 1017 Corp.
1030 981 1141 1010 Christi
1160 983 1381 1017 Cantabrigieu.
1402 980 1467 1008 473.

148 1021 181 1048 Β.
208 1035 245 1040 -
275 1021 364 1056 Trop.
386 1029 437 1047 ms.
459 1021 667 1049 Glastoniense
686 1019 710 1054 (?
720 1020 942 1054 Cantuariense)
962 1029 1038 1047 saec.
1062 1019 1105 1046 11.
1128 1029 1169 1047 ex.
1213 1020 1282 1047 Cod.
1305 1019 1469 1047 Londinen.

151 1059 245 1095 Calig.
266 1059 291 1086 A
312 1058 393 1086 XIV.
415 1059 445 1086 C.
467 1073 505 1077 —
525 1058 614 1094 Trop.
636 1067 687 1086 ms.
710 1060 739 1086 S.
761 1059 883 1086 Martini
905 1059 1127 1086 Lemovicensis
1149 1067 1225 1086 saec.
1250 1057 1292 1085 11.
1318 1059 1356 1084 in.
1398 1057 1468 1085 Cod.

148 1097 276 1125 Parisin.
306 1095 388 1124 1120.
416 1097 453 1126 D.
482 1111 519 1115 —-
546 1097 634 1132 Trop.
663 1105 714 1123 ms.
737 1097 1021 1132 Sammaglorianum
1051 1105 1126 1123 saec.
1158 1094 1200 1124 12.
1249 1097 1318 1124 Cod.
1340 1096 1467 1123 Pal-isin.

150 1133 256 1163 13252.
284 1135 321 1162 E.
349 1149 387 1154 —-
416 1135 506 1163 Vitae
533 1144 586 1162 ms.
608 1136 782 1163 Sanctorum
811 1143 888 1162 saec.
917 1132 961 1161 10.
1002 1134 1072 1162 eod.
1100 1132 1469 1162 Ber01i11en.V111⁰115.

147 1173 213 1201 add.
235 1181 310 1201 saec.
333 1172 377 1200 11.
392 1173 425 1200 F.
445 1190 482 1193 —
505 1171 517 1200 1
542 1173 615 1201 bene
636 1172 694 1200 fida
709 1173 751 1208 E;
774 1173 798 1200 O
820 1173 895 1200 bone
916 1181 965 1199 rex
982 1173 1098 1200 Christe
1114 1174 1172 1200 tuis
1189 1173 1230 1205 D;
1253 1173 1324 1200 zwei
1339 1173 1469 1200 Schluss-

147 1215 238 1240 worte
256 1211 308 1239 des
329 1212 523 1239 Hexameters
546 1211 643 1239 fehlen
664 1212 696 1239 F.
719 1226 754 1230 —-
776 1211 928 1239 Kollation
950 1220 1007 1238 von
1028 1212 1050 1238 F
1070 1210 1219 1238 verdanke
1242 1211 1288 1238 ich
1304 1211 1469 1238 Bannister.

561 1333 594 1364 5.
628 1334 666 1363 In
689 1332 878 1363 Nativitate
901 1333 1050 1363 Domini.

653 1393 694 1419 In
719 1392 953 1420 Gallicantu.

550 1471 644 1503 Venit
670 1470 757 1502 Deus
783 1470 876 1502 homo
902 1470 1016 1510 faetus,

549 1520 708 1559 Tempore
735 1529 755 1550 a
779 1522 881 1550 matre
907 1522 1012 1559 natus,

549 1566 613 1599 Sed
638 1576 658 1599 a
683 1571 775 1606 patre
801 1567 1025 1607 sempiternus

544 1634 712 1667 Dominus
741 1634 823 1667 dixit
849 1634 895 1667 ad
916 1643 967 1665 me
992 1638 1051 1667 etc.

219 1722 307 1756 Trop.
338 1730 394 1748 ms.
415 1720 622 1748 Wintoniense
651 1727 726 1746 saec.
758 1719 801 1747 10.
831 1729 875 1747 ex.
916 1720 987 1747 Cod.
1010 1719 1152 1747 Oxonien.
1176 1719 1258 1747 Bodl.
1290 1719 1354 1747 775.
1380 1721 1413 1747 A.
1436 1735 1472 1738 ——

144 1761 233 1797 Trop.
253 1768 307 1787 ωε.
323 1759 531 1787 Wintoniense
553 1767 630 1786 saec.
654 1756 698 1784 11,
739 1758 809 1786 Cod.
832 1759 906 1785 (2011.
929 1760 1015 1794 Corp.
1035 1758 1145 1786 Christi
1162 1759 1384 1795 Cantabrigien.
1406 1757 1471 1786 473.

145 1799 178 1827 B.
205 1814 242 1818 —
271 1799 361 1833 Trop.
391 1807 445 1825 ms.
473 1797 682 1826 Glastoniense
707 1796 964 1831 &Cautum-ieme)
990 1806 1066 1824 saec.
1096 1795 1140 1823 11.
1167 1805 1213 1824 ex.
1236 1796 1278 1828 (et
1306 1795 1363 1829 12.>
1402 1797 1472 1824 Cod.

145 1838 311 1865 Londinen.
334 1837 427 1872 Calig.
456 1837 482 1864 A
503 1835 583 1864 XIV.
605 1836 636 1864 C.
658 1849 694 1853 —
716 1836 773 1863 Die
806 1836 909 1871 iibrIge
931 1835 1118 1871 Tropierung
1140 1837 1179 1863 ist
1200 1835 1276 1863 ohne
1298 1836 1472 1871 Rhythmus.

143 1875 288 1904 nfimlich:
319 1876 431 1912 „Quem
460 1874 620 1911 prophetae
648 1876 744 1901 cuncti
773 1875 958 1908 cecinerunt,
986 1883 1050 1901 eum
1084 1882 1191 1910 magua
1219 1874 1283 1902 luce
1312 1874 1474 1907 descendit,

143 1912 212 1951 qu
232 1911 320 1943 hodie
338 1912 431 1951 qenai
450 1914 493 1941 te⁴⁴
516 1915 570 1940 etc.
591 1929 629 1933 —
649 1910 667 1939 3
688 1912 727 1940 Et
748 1921 765 1940 a
788 1914 819 1940 C.

568 2036 599 2066 6.
632 2037 670 2066 In
693 2036 882 2067 Nativitate
904 2037 1053 2068 Domini.

656 2095 696 2122 In
724 2095 961 2124 Gallicantu.

323 2173 526 2214 Hymnidicis
552 2176 594 2213 te,
623 2173 762 2214 Chn'ste,
791 2173 896 2206 choris
920 2183 1109 2206 veneremur
1134 2177 1280 2217 ovantes,

322 2222 383 2262 Qui
409 2224 502 2262 patre
527 2222 729 2262 progenitum
757 2222 890 2262 propria
917 2226 949 2254 te
975 2231 1053 2254 voce
1080 2220 1212 2260 fateris3

376 2289 545 2322 Dominus
570 2288 653 2321 dizit
677 2289 724 2321 ad
744 2298 815 2322 me:
839 2289 953 2323 Filius
978 2299 1068 2323 meus
1095 2299 1126 2322 es
1151 2293 1187 2322 tu
1213 2293 1274 2324 etc.

223 2379 314 2414 Trop.
349 2384 404 2404 ms.
433 2375 641 2404 Glastoniense
667 2373 692 2408 (ἲ
701 2374 928 2410 Cantuariense)
964 2383 1040 2403 saec.
1074 2374 1117 2402 11.
1149 2385 1194 2404 ex.
1224 2374 1264 2409 (et
1297 2373 1351 2408 12.)
1401 2375 1470 2402 Cod.

145 2417 313 2446 Londinen.
335 2415 430 2450 Calig.
451 2413 478 2441 A
497 2412 578 2442 XIV.
599 2427 636 2432 —
656 2413 729 2441 Rest
749 2413 801 2441 des
821 2413 964 2441 Introitus
986 2415 1160 2450 untropiert.
