1653 2689
715 111 949 146 ,91-

574 208 608 240 3.
636 207 730 239 Nunc
752 208 896 240 vivamus
923 216 992 239 cum
1020 208 1085 239 filio

632 255 677 287 Et
702 258 807 288 matre
830 259 942 287 sancta
967 255 1083 287 Maria.

636 315 670 320 ——
692 302 719 328 et
739 299 917 330 collaudant
937 299 1033 336 filium
1054 299 1124 328 Dei.

249 375 337 410 Trop.
366 383 418 402 ms.
441 377 663 404 Nonantulense
692 386 767 404 naec„
800 376 841 404 11.
871 378 910 404 in.
958 377 1027 404 Cod.
1057 379 1177 404 Roman.
1198 377 1269 403 Vitt.
1298 378 1398 404 Eman
1425 377 1497 405 1343

173 412 285 440 Sessor.
309 411 354 440 62.
376 413 411 440 A.
433 428 470 432 —
491 414 579 450 Trop.
603 424 654 442 nis.
676 415 898 443 Nonantulense
919 424 995 442 saec.
1021 414 1061 442 11.
1095 415 1163 441 Cod.
1180 415 1301 442 Roman.
1319 417 1495 443 Cas-anatem

175 448 246 478 1741
269 450 304 484 (C
327 451 370 478 IV
393 450 428 484 2).
445 453 476 479 B.
498 467 535 471 —
555 453 644 488 Trop.
667 462 717 480 ms.
734 454 954 480 Nonantulense
977 462 1051 480 saec.
1078 453 1120 480 ll.
1153 453 1221 479 (sod.
1238 454 1389 480 bononien
1411 452 1495 481 2824.

173 489 206 517 C.
231 505 269 509 —-
295 487 328 522 2,
357 487 375 516 2
400 490 554 517 Praedixit
581 492 641 518 AB.
670 505 707 509 ——
734 492 794 518 Der
814 493 928 527 Tropus
958 493 995 518 ist
1026 493 1054 518 in
1076 491 1168 517 vieler
1189 492 1328 518 Hinsicht
1350 494 1446 527 einzig
1466 494 1496 519 in

173 529 270 555 seiner
296 528 351 554 Art
375 528 434 555 und
460 537 493 555 so
520 529 586 556 selu·
616 531 801 556 interessanz.
831 545 868 548 —
898 531 956 556 Dei·
979 531 1183 556 Introitustext
1216 530 1328 557 schiebt
1350 531 1411 556 sich
1434 532 1496 557 rein

173 565 333 593 iusserlich
361 567 507 594 zwischen
529 567 577 594 die
598 568 804 602 tropierenden
827 565 988 602 Strophen,
1018 577 1077 594 was
1100 568 1145 593 bei
1169 568 1373 594 italieniselwn
1395 569 1497 603 Kyrie-

174 604 293 640 Tropen
314 606 406 632 sehon
428 614 462 631 zu
483 605 626 632 beachten
649 614 717 632 war.

596 727 664 758 184.
697 729 746 758 De
768 729 877 758 Beata
900 729 1010 759 Maria
1032 730 1070 760 V.

190 807 220 839 1.
247 807 273 839 Ο
300 816 374 839 rosa
399 806 518 839 florens
544 808 575 839 in
601 808 741 845 Jericlio,
881 810 911 842 53.
940 809 964 841 Ο
993 810 1080 849 virgo
1107 808 1288 847 purissima,

249 854 316 886 Nos
344 855 517 887 reconcilia
543 859 597 886 tuo
623 855 698 895 filio,
940 858 964 889 O
992 862 1093 888 mater
1120 857 1309 895 castissima,

245 902 289 935 Ut
315 912 373 935 nos
400 903 503 934 salvet
527 913 546 935 a
573 904 704 935 erimine
940 905 1006 937 Fac.
1032 915 1088 936 nos
1115 909 1276 945 purgatos,

249 951 290 982 Et
317 951 358 982 ab
383 951 529 982 hostibus
555 951 689 984 animae.
941 953 992 984 Ab
1019 952 1103 984 omni
1131 953 1261 982 crimine.
1288 953 1380 986 lotos

291 995 390 1029 Salve,
411 999 518 1025 sancta
537 1005 652 1032 parens
674 1002 727 1025 ete.
984 996 1090 1026 Gloria
1109 998 1196 1033 patri
1219 1003 1272 1025 etc.

188 1076 221 1108 2.
249 1075 354 1116 Salve,
385 1076 474 1115 virgo
500 1076 682 1114 singularis,
881 1079 909 1108 4.
940 1078 964 1108 O
991 1077 1047 1108 llos
1077 1076 1250 1115 virginalis,

248 1123 312 1162 Tu,
339 1132 421 1163 quae
446 1127 558 1155 sancta
584 1124 806 1163 proclam-aris,
938 1125 1044 1156 Mater
1071 1125 1153 1162 regis
1181 1125 1365 1155 aeternalis.

249 1171 336 1203 Audi
362 1181 419 1203 nos
445 1175 617 1213 gementes,
943 1172 1008 1203 Nos
1036 1177 1167 1211 protege
1194 1173 1257 1202 tuis
1283 1173 1352 1207 alis

249 1218 316 1251 Fac
341 1222 428 1251 tuum
456 1220 602 1251 iuvamen
621 1221 807 1252 sentientes.
942 1220 990 1251 Ne
1017 1229 1200 1260 premamur
1226 1220 1333 1250 multis
1361 1221 1464 1254 malis,

292 1264 541 1294 Sentiantonmes
550 1265 849 1293 tmaemiueamenetc.
988 1265 1074 1293 ‚salz-e
1096 1267 1202 1292 samm
1225 1274 1334 1300 parens
1357 1271 1410 1293 etc.

254 1344 337 1370 Miss.
368 1353 418 1369 ms.
443 1343 649 1378 Alrispacense
678 1350 755 1370 saeC.
786 1342 827 1370 15.
870 1344 942 1371 Clm.
964 1345 1116 1370 Monacen.
1141 1341 1223 1369 2³73».
1247 1357 1282 1361 —
1305 1342 1337 1375 3,
1365 1344 1383 1370 3
1406 1344 1463 1370 und
1485 1343 1503 1370 4

178 1382 278 1410 bilden
300 1383 385 1408 einen
409 1383 433 1408 Η
439 1384 594 1408 examete1·.

654 1630 736 1665 III.
776 1630 833 1665 De
861 1629 1031 1667 Sanctis.

566 1716 633 1746 185.
667 1716 703 1744 In
727 1715 879 1746 Omnium
904 1716 1120 1746 Sanctorum.

300 1808 329 1840 1.
358 1806 395 1846 Ο,
422 1815 515 1845 quam
542 1804 686 1846 glorifico
713 1804 892 1845 fulgescunt
920 1806 1026 1837 sidere
1053 1806 1166 1843 sancti,

357 1854 518 1893 Sanguine
544 1854 597 1893 qui
625 1854 756 1894 proprio
783 1858 967 1884 meruerunt
993 1853 1137 1893 praemia
1163 1854 1271 1893 regni!

433 1898 632 1927 Gaudeamus
654 1907 754 1927 omnes
779 1899 811 1927 in
833 1898 968 1927 Domino
989 1898 1066 1927 diem
1088 1899 1197 1935 festmn
1221 1899 1399 1928 eehbrantcs·

434 1937 489 1966 sub
509 1937 621 1967 honore
641 1941 816 1966 sam-torum
838 1938 980 1971 omnium,

300 1981 332 2013 2.
361 1979 489 2011 Caelica
514 1988 592 2018 quos
619 1978 714 2010 hodie
741 1979 924 2010 collaudant
952 1979 1068 2019 gaudia
1094 1979 1230 2017 iunctos,

435 2023 470 2053 de
491 2033 617 2061 quorum
638 2023 836 2053 sollemnitate
855 2023 985 2061 {madent
1005 2024 1105 2061 anqeli

299 2067 331 2100 3.
358 2065 541 2098 Dulcisonis
568 2065 697 2098 Christo
724 2066 896 2106 psallentes
924 2065 1054 2097 vocibus
1081 2065 1159 2098 odas

435 2113 461 2139 et
482 2110 661 2140 collaudant
680 2111 774 2148 filium
797 2110 866 2139 Dei.

262 2191 351 2225 Trop.
374 2198 427 2218 ms,
449 2189 479 2216 S.
494 2189 615 2216 Martini
630 2190 854 2217 Lemovicensis
876 2199 951 2217 saec.
976 2189 1018 2217 11.
1035 2191 1065 2216 in
1099 2189 1167 2216 Cod.
1184 2189 1311 2216 Parisin.
1331 2187 1411 2216 1120.
1427 2190 1460 2215 Α.
1473 2203 1509 2206 -

183 2231 271 2266 Trop.
304 2237 357 2255 ms.
388 2227 580 2255 Martialense
611 2236 687 2255 saec.
721 2227 764 2255 11.
810 2228 879 2255 Cod.
909 2229 1034 2258 Parisin.
1063 2226 1127 2256 909.
1157 2229 1189 2255 B.
1218 2244 1253 2247 —-
1280 2228 1367 2263 Trop.
1397 2236 1448 2253 ms.
1480 2228 1509 2255 S.

183 2268 309 2296 Martini
323 2264 578 2301 Masciacensis(?)
596 2274 671 2294 saec.
695 2264 757 2294 ιοΙιι
810 2267 881 2295 Cod.
896 2267 1033 2294 Vatican.
1048 2268 1151 2303 Regin.
1175 2264 1240 2293 222.
1256 2266 1286 2294 C.
1306 2281 1338 2284 —
1354 2267 1440 2300 'Fi-op⁴
1458 2275 1510 2295 ms.

184 2307 380 2334 Vedastinum
402 2313 478 2332 saec.
502 2302 546 2331 11.
587 2304 657 2332 Cod.
678 2306 865 2333 Cameracen.
889 2304 925 2333 76
945 2305 1011 2341 (75).
1034 2307 1068 2333 D.
1092 2320 1129 2324 —
1149 2306 1237 2341 Trop.
1259 2314 1311 2332 ms,
1328 2305 1510 2332 Nivemense

185 2354 263 2374 saec.
291 2343 336 2372 11.
377 2343 448 2372 Cod.
470 2343 596 2370 Pal-isin.
624 2341 708 2371 9449.
730 2344 766 2372 Ε.
797 2359 828 2363 -
857 2344 944 2379 Trop.
971 2354 1023 2371 ms.
1046 2346 1228 2372 Nivernense
1255 2352 1330 2371 saec.
1357 2342 1397 2370 12.
1439 2343 1509 2370 Cod.

183 2385 312 2412 Parisin.
333 2383 428 2410 Nouv.
451 2390 515 2418 aeq.
546 2379 628 2409 1235.
649 2382 680 2409 F.
701 2397 738 2402 —
759 2383 847 2418 Trop.
870 2392 921 2410 ms.
944 2384 1231 2419 Sammaglorianum
1253 2391 1329 2410 saec.
1355 2381 1397 2409 1⁴2.
1439 2382 1511 2409 Cod.

184 2423 313 2451 Parisin.
338 2419 446 2449 13252.
468 2420 503 2448 G.
