1653 2689
754 117 989 152 ...70-

686 229 754 260 13:2-
786 229 824 259 In
845 229 1063 260 Pentecoste.

583 310 614 342 1.
641 309 746 342 Hodie
771 308 904 348 spiritus
927 310 1066 347 sanctus,

642 356 819 396 procedens
844 365 863 387 a
889 355 1014 395 throno,

643 403 857 442 apostolorum
884 406 1016 442 pectora

642 450 846 482 invisibiliter
871 450 1071 492 penetravit3

640 499 708 530 Deo
734 497 862 537 gratias.
913 497 991 529 Eia:

486 545 624 581 Spiritus
646 541 774 571 Domini
795 541 912 578 replevit
932 541 1029 571 orbem
1049 545 1207 572 terrarum.

338 588 369 619 2.
396 585 506 617 Gloria
532 588 701 624 pangatur,
727 583 847 619 mundi.
876 583 948 614 Iesu
973 583 1109 624 Christe,
1136 583 1341 623 redemptor3

486 633 512 657 et
531 629 593 663 hoc,
619 627 700 664 quod
721 628 850 656 eontinet
871 627 982 660 omnia,

341 672 371 703 3.
399 670 528 702 Gratias
554 678 682 710 agamus
709 677 835 708 semper
860 669 998 700 trinitati
1023 669 1136 709 almae,

487 714 641 743 seientiam
663 713 750 742 habet
773 713 860 742 cocis.

343 757 373 790 4.
401 754 540 794 Spiritus
565 756 658 795 alme,
684 758 793 786 nostra
813 763 940 794 semper
963 757 998 785 tu
1024 758 1155 794 pectora
1181 754 1281 796 reple,

484 799 625 832 Alleluia,
647 799 786 828 Alleluia.

295 877 380 913 Trop.
403 887 456 904 ms.
472 877 693 904 Nonantuleuse
715 885 790 904 saec.
815 876 855 903 11.
890 876 960 904 eod.
976 878 1098 905 Roman.
1115 877 1289 904 Casanaten.
1307 875 1378 905 1741
1394 877 1429 910 (C
1443 874 1488 904 IV
1497 875 1535 909 2).

218 917 252 943 A.
273 931 310 934 —
331 916 418 950 Trop.
441 925 492 942 ms.
515 917 543 943 S.
566 916 716 942 Benedicti
741 915 895 942 Mantuani
917 924 991 942 saec.
1016 913 1059 942 ll.
1091 914 1161 943 Cod.
1185 915 1280 950 Capit.
1297 913 1439 943 Veronen.
1454 915 1536 943 CVII

216 952 302 986 (100).
323 954 356 980 B.
378 968 413 973 «-
435 952 453 980 3
481 962 642 989 pangamus
665 954 696 980 B.
717 967 755 973 -—
777 954 833 980 Die
855 953 1032 981 Hexameter
1056 953 1266 988 (rhythmische
1295 955 1326 981 in
1354 953 1536 990 ungelenker

218 994 316 1019 Formi
336 992 430 1019 baben
455 993 483 1018 in
509 992 612 1019 beiden
628 992 750 1025 Quellen
773 992 886 1027 gleiche
902 992 1036 1019 Melodie.
1054 1006 1088 1011 —-
1105 992 1165 1019 Dei·
1179 992 1360 1027 Tropentext
1379 992 1534 1020 verbindet

219 1030 281 1058 sich
303 1030 433 1057 schlecht
455 1031 508 1057 mit
527 1030 592 1057 dem
614 1031 827 1057 Introxtustext.

688 1152 755 1181 133.
789 1153 826 1181 In
847 1152 1064 1182 Pentecoste.

418 1258 424 1264 .
452 1230 517 1262 Par
542 1231 626 1269 patri
653 1231 799 1270 prolique
826 1230 922 1269 Deus.
954 1230 994 1261 de
1019 1230 1126 1262 sidere
1151 1230 1276 1272 missus,

542 1276 680 1311 Spiritus
702 1275 839 1309 Domini,

417 1341 424 1347 .
452 1316 590 1355 Ingeniti
615 1316 776 1356 genitique
802 1316 862 1347 Dei
888 1316 1063 1354 paraclitus
1089 1316 1191 1348 almus

542 1360 663 1397 replerit
685 1361 781 1388 orbem
804 1364 962 1393 terrarum,
983 1359 1125 1395 Alleluia,

418 1427 425 1434 .
453 1401 548 1433 Cuius
575 1402 622 1432 vis
650 1403 757 1433 docuit
783 1403 835 1441 pia
862 1405 991 1441 pectora
1019 1401 1258 1441 discipulorum⁷

542 1449 567 1474 et
586 1446 649 1480 hoc,
670 1445 751 1481 qum]
772 1447 901 1474 continet
921 1447 1033 1474 omnia.
1055 1447 1211 1475 scientiam
1231 1446 1318 1475 habet
1339 1446 1430 1476 vocis.

418 1512 424 1519 .
453 1487 590 1526 Spiritus
617 1488 708 1525 alme,
737 1488 818 1525 veni.
846 1492 900 1519 tua
926 1496 1057 1518 munera
1083 1487 1259 1527 psallimus,
1285 1489 1345 1526 eia,

544 1531 685 1560 Alleluia.
726 1532 876 1568 Confirmu
899 1553 905 1559 .
928 1553 935 1559 .
957 1553 963 1560 .
992 1531 1099 1560 Gloria
1122 1532 1206 1568 patri
1226 1535 1277 1562 etc.

417 1597 424 1604 .
451 1572 534 1604 Dum
559 1573 657 1604 sacris
684 1573 767 1604 sacri
794 1573 970 1604 residerent
997 1573 1141 1611 aedibus,
1169 1581 1253 1613 ecce,

502 1618 506 1621 “
544 1617 680 1654 Spiritus
702 1617 831 1646 Domini
853 1618 971 1654 replet-it
991 1621 1041 1647 etc.

393 1575 411 1604 0¹
393 1488 413 1518 vf—
393 1403 412 1434 ω
391 1317 410 1347 [2
394 1231 409 1262 ³-

298 1697 386 1731 Trop.
414 1705 465 1723 ms.
488 1695 740 1723 Heidenhemense
768 1704 842 1722 saec.
873 1694 913 1722 ll.
957 1696 1025 1722 Cod.
1049 1696 1191 1723 Oxonien.
1220 1696 1297 1723 Seld.
1326 1705 1415 1732 supra
1434 1695 1480 1724 27.
1500 1697 1536 1724 A.

219 1750 255 1754 -—
284 1734 372 1762 Grad.
400 1743 453 1760 ms.
481 1734 603 1760 Arnoldi
630 1735 876 1769 Aquisgranensis
905 1742 980 1761 saec.
1010 1732 1052 1762 13.
1100 1734 1170 1761 Cod.
1198 1734 1294 1770 Capit.
1322 1735 1537 1771 Aquisgranen.

219 1773 287 1800 XII.
311 1774 342 1798 B.
364 1786 400 1790 —
423 1772 440 1798 2
460 1773 611 1808 genitique
633 1773 712 1799 Deus
735 1774 767 1799 Α.
783 1787 819 1790 -
842 1773 914 1799 Vers
936 1772 952 1799 5
974 1772 1045 1799 fehlt
1068 1773 1105 1806 A?
1128 1773 1261 1800 derselbe
1282 1773 1364 1800 dient
1385 1774 1537 1802 anderswo

219 1812 263 1838 als
286 1811 467 1838 Introductio
486 1812 521 1841 (s.
542 1811 592 1836 Nr.
613 1807 678 1843 21.).

685 1894 753 1925 1:34.
787 1895 825 1924 In
848 1895 1064 1925 Pentecoste.

335 1976 364 2008 1.
394 1974 566 2007 Doctorum
593 1973 856 2015 perfectissimus,
887 1971 904 1990 *
932 1974 1109 2015 procedens
1135 1984 1153 2006 a
1179 1974 1303 2014 throno,

393 2021 596 2062 Septiformis
623 2021 743 2061 gratiae
771 2018 789 2037 *
818 2022 901 2054 dono

488 2066 625 2102 Spiritus
646 2066 777 2094 Domini
797 2066 919 2103 replevit
940 2066 1039 2094 orbem
1059 2069 1217 2101 terrarum,

488 2108 515 2133 et
535 2105 598 2138 hoe,
620 2104 698 2140 quod
721 2105 853 2134 eontinet
877 2105 989 2138 onmia,
1012 2105 1169 2134 scientiam
1189 2105 1275 2136 habet
1298 2106 1389 2141 vocis,

335 2149 364 2180 2.
392 2147 514 2178 Lumen
540 2147 603 2177 tuis
629 2145 777 2177 fidelibus
803 2143 822 2162 *
850 2155 866 2177 e
893 2146 980 2177 caelo
1006 2145 1154 2183 infusum,

394 2194 439 2227 Ut
466 2202 629 2226 noscamus
656 2194 808 2226 eaelicum
837 2190 855 2209 *
883 2203 983 2226 usum.

487 2239 644 2275 Confirmet
664 2239 718 2268 hoc
738 2237 836 2273 Deus,
857 2238 937 2274 quod
959 2242 1101 2274 operatus
1123 2248 1152 2267 es
1175 2241 1207 2268 in
1230 2240 1326 2275 nobis,

487 2288 504 2305 a
526 2277 632 2314 templo
653 2279 713 2311 tun,
734 2277 816 2314 quod
837 2279 879 2305 est
901 2276 935 2304 in
956 2277 1119 2307 Jerusalem
1142 2282 1193 2307 etc.

334 2322 366 2354 3.
393 2319 496 2352 Huius
521 2318 650 2351 lustrati
674 2318 785 2350 iubare
812 2315 831 2334 *
859 2317 980 2350 visione
1006 2327 1094 2351 mera

393 2367 656 2407 Contemplemur
681 2366 798 2407 gaudia
825 2362 843 2382 *
871 2375 967 2407 vera;

489 2412 597 2442 Gloria
613 2411 702 2449 patri
721 2414 747 2441 et
767 2411 829 2448 filio
850 2413 877 2440 et
896 2412 1021 2447 spiritui
1042 2415 1148 2442 sancto
1169 2415 1219 2442 etc.
