1653 2689
635 113 897 149 -163—

269 207 302 240 3.
330 206 420 239 Inter
443 208 592 247 victores,
617 209 731 242 similis
756 219 834 251 quos
859 211 962 251 glon'a
986 211 1101 254 replet,

406 254 442 281 ut
460 254 503 282 sit
522 253 571 282 illi
590 254 750 284 sacerdotii
768 255 914 294 dignitas,

270 293 302 326 4.
331 292 426 325 Turis
453 293 648 336 fragrantem
670 297 724 336 qui
751 296 878 330 Christo
902 301 1010 338 portet
1035 298 1166 330 odorem

404 337 438 366 in
458 342 619 369 aeternum.

173 415 634 453 Trop.ms.Sammag10rianum
649 427 724 446 saec.
742 417 785 447 12.
817 419 887 448 cod.
901 421 1026 448 Parisin.
1045 418 1151 448 13252.
1166 435 1204 439 -
1220 418 1234 446 1
1250 419 1365 447 mundo
1381 435 1418 439 —

97 452 116 481 4
132 452 315 488 flagrantem.

473 548 616 579 380.111
637 550 834 581 sanctarum
855 551 1043 588 virginum.

157 637 189 670 1.
217 635 358 677 Christe,
385 640 473 668 tuum
499 637 626 677 populis
653 647 766 671 nomen
794 639 982 680 depromere
1006 641 1138 680 cunctis,

215 684 357 725 Regibus
383 688 415 716 et
442 685 586 724 ducibus,
615 686 745 726 cupiens
771 695 916 719 sermone
942 688 1062 720 salubri

266 728 429 767 Loquebar
443 729 478 757 de
491 730 672 759 testimoniis
687 732 748 760 tuis
762 732 794 760 in
806 736 965 768 conspectu
977 742 1077 771 reyum
1087 736 1113 762 et
1124 741 1187 762 non
1199 731 1415 770 consuoulebar,

157 770 339 810 2.Utpote
366 771 494 803 divinae
519 771 679 804 iuvamine
706 771 788 804 fulta
813 773 968 813 loquelae

213 819 312 852 cuius
338 818 379 850 ab
405 818 552 859 ingressu
577 828 638 850 vox
665 824 713 851 est
738 821 903 853 moderata
927 822 1105 862 loquentis;

265 866 291 892 et
310 863 481 893 meditabar
504 864 537 892 in
557 864 713 894 mandans
734 866 804 899 taus,

155 905 187 939 3.
212 903 305 937 Haec
332 903 482 937 faciendo
508 905 578 943 tibi,
605 905 752 947 Domine,
780 909 901 939 servire
924 906 1102 948 studebam,

213 953 376 992 Quatenus
403 953 573 985 aethereae
601 955 760 986 consortia
786 955 891 994 plebis
916 954 1078 995 haberem,

263 1006 340 1034 quae
360 997 453 1026 tineam·
474 998 576 1028 nimis.

166 1076 256 1112 Trop.
284 1084 338 1102 ms.
366 1076 576 1104 Wintoniense
603 1086 679 1104 saec.
709 1075 752 1104 10.
781 1087 825 1103 ex.
867 1077 938 1104 Cod.
967 1076 1110 1104 Oxonien.
1133 1077 1215 1105 Bodl.
1237 1076 1301 1105 775.
1323 1078 1356 1105 A.
1379 1095 1414 1099 ἢ

91 1113 179 1150 Trop.
200 1122 253 1141 ms.
275 1115 483 1141 Wintoniense
505 1123 581 1141 saec.
606 1114 649 1141 11.
690 1116 760 1142 Cod.
783 1115 857 1142 Coll.
879 1115 965 1150 Corp.
988 1115 1097 1142 Christi
1114 1116 1332 1151 Canta}rigien
1349 1116 1413 1145 473.

91 1153 123 1179 B.
149 1166 187 1171 —
214 1151 303 1188 Trop.
331 1161 384 1178 ma.
416 1152 624 1180 Glastonieuse
651 1153 907 1186 (?Cantuariense)
935 1161 1011 1180 saec.
1041 1151 1083 1180 11.
1112 1163 1156 1181 ex.
1182 1153 1221 1185 (et
1252 1153 1305 1189 12.)
1343 1156 1378 1183 C
1373 1156 1413 1182 d

91 1190 254 1218 Londinen.
277 1190 363 1226 Calig
365 1192 419 1217 A
440 1190 576 1219 X1V.C.
601 1207 636 1211 —
657 1192 745 1227 Trop.
774 1200 826 1218 ms
853 1191 1137 1226 Sammaglorianum
1160 1200 1235 1220 saec.
1260 1192 1302 1220 12.
1343 1194 1412 1221 Cod.

89 1228 215 1256 Parisin.
247 1200 363 1256 13252.
376 1229 412 1255 D.
435 1244 472 1248 —
495 1229 526 1261 1,
555 1228 572 1256 2
603 1201 736 1257 salubrip
737 1239 870 1257 sermone
890 1230 921 1257 C.
945 1243 979 1248 -
1003 1227 1075 1262 2,1
1099 1230 1200 1257 divino
1222 1231 1257 1258 D.
1279 1246 1314 1249 —
1336 1230 1411 1263 3,1

89 1267 217 1295 Domino
238 1268 274 1294 D

465 1361 534 1390 331.
566 1361 605 1391 111
627 1362 823 1391 sanctarum
848 1361 1038 1398 virginum.

260 1442 290 1474 1.
318 1441 429 1473 Laude
452 1441 640 1481 triumphali
669 1441 855 1481 dignissima
879 1440 946 1473 fflia
973 1442 1106 1484 Christi,

394 1486 545 1516 Dilexisti
565 1486 714 1515 iustitiam
737 1490 762 1515 et
783 1486 875 1516 odisti
897 1487 1098 1523 iniquitatem,

257 1530 289 1561 2.
315 1527 452 1568 Dignius
477 1532 513 1560 ut.
539 1536 672 1569 caperes
697 1528 782 1559 nivei
809 1527 959 1560 candoris
986 1529 1135 1570 odorem3

390 1576 554 1610 propterea
575 1573 668 1601 mzavsst
688 1575 714 1601 te
734 1572 820 1602 Deus
842 1576 913 1602 tuus

256 1615 290 1649 3.
316 1613 468 1647 Nectaris
500 1614 624 1647 aeterni
650 1623 776 1655 semper
803 1615 974 1646 dulcedine
1000 1614 1129 1655 dignam

394 1659 455 1689 oleo
477 1659 610 1688 laetitiae
625 1667 703 1695 prae
723 1660 916 1689 consortibus
938 1660 1007 1688 tuis.

163 1738 250 1775 Trop.
279 1747 334 1765 ms.
356 1738 597 1766 Emmeramense
619 1740 689 1765 anni
713 1736 871 1766 1024—36.
916 1739 988 1766 Clm.
1010 1739 1163 1766 Monacen.
1189 1737 1223 1766 14
1233 1736 1297 1766 322.
1319 1739 1352 1766 A.
1375 1754 1410 1758 —

85 1777 172 1813 Trop.
194 1786 246 1805 ms.
268 1777 510 1804 Emmeramense
532 1785 609 1804 saec.
632 1775 706 1804 ¹¹l12.
741 1777 814 1804 Clm.
834 1778 988 1805 Monacen.
1012 1775 1119 1804 14083.
1141 1778 1173 1805 B.
1196 1794 1231 1797 —
1247 1778 1334 1812 Trop.
1358 1787 1408 1805 ms.

86 1814 116 1843 S.
138 1815 251 1843 Arnulfi
266 1816 410 1843 Metensis
432 1823 509 1842 saec.
536 1813 580 1842 12.
602 1816 642 1843 in.
678 1815 747 1843 Cod.
762 1816 871 1843 Meten.
893 1814 958 1843 452.
973 1815 1004 1843 C.
1020 1831 1057 1834 —
1078 1816 1112 1843 111
1129 1817 1151 1844 C
1173 1817 1211 1843 ist
1232 1816 1282 1843 der
1296 1817 1410 1852 Tropus

84 1854 130 1882 fiir
149 1854 201 1882 das
223 1856 293 1882 Fest
313 1854 365 1881 der
387 1854 426 1881 hl.
448 1854 542 1881 Lucia
563 1854 738 1882 verwendet.

459 1987 530 2017 382.
561 1987 601 2017 In
622 1986 819 2018 sanctarum
841 1987 1032 2023 Virgilium.

253 2068 282 2099 1.
311 2067 463 2106 Undique
487 2066 560 2108 huc,
587 2066 717 2107 fratres,
745 2067 862 2099 devota
886 2071 993 2098 mente
1019 2067 1135 2107 venite,

314 2115 452 2146 Vocibus
479 2114 642 2147 altissonis
664 2115 864 2148 modulemus
891 2114 1034 2147 carmina
1059 2114 1175 2154 laudis,

389 2158 586 2188 Gaudeamus
608 2167 709 2189 omnes
729 2160 765 2188 ‘in
786 2158 920 2189 Domino

251 2203 281 2235 2.
311 2201 465 2235 Cantibus
492 2206 524 2232 et
549 2201 672 2232 crebris
698 2201 809 2233 laudes
837 2202 1004 2233 reboemus
1031 2205 1173 2244 ovantes,

389 2245 464 2275 diem
487 2247 595 2279 festum
617 2246 805 2280 celebrantes,

251 2289 283 2321 3.
309 2289 377 2328 Quo
404 2291 497 2326 pater
521 2288 722 2327 omnipotens
747 2287 840 2320 nobis
867 2288 985 2320 delicta
1010 2289 1134 2320 relaxet

388 2332 422 2360 in
443 2331 556 2360 honore
576 2331 661 2361 illius
683 2332 825 2370 virgini&

252 2376 284 2407 4.
316 2373 408 2407 lilius
433 2377 466 2404 et
491 2373 614 2405 meritis
640 2374 765 2406 veniam
791 2383 973 2407 mereamur
997 2375 1030 2407 in
1056 2375 1154 2417 arvis⁷

388 2418 423 2448 cle
444 2419 535 2447 cuius
555 2418 754 2448 sollemnitate
773 2419 908 2457 gaudent
929 2420 1040 2457 angeli,

1160 2468 1219 2498 11*
