1653 2689
666 95 924 132 —361—

559 219 628 251 755.
659 219 709 250 De
731 221 842 252 Beata
862 221 974 253 Maria
995 222 1035 254 V.

508 302 510 304 '
539 299 639 332 Pater
663 309 804 332 summae
829 301 970 344 pietatis,

538 348 627 380 Audi
651 357 765 388 preces
789 352 865 382 tuae
889 351 1013 389 matris,

538 395 585 427 Te
610 395 778 428 laudantes
805 397 837 428 in
864 397 1000 430 excelsis

588 443 676 476 Caeli
701 444 797 485 iunge
823 446 960 485 gaudiis.

211 522 302 559 Trop.
330 530 382 550 ms.
410 523 660 560 Wingartenseff)
686 533 762 552 saec.
790 523 832 552 13.
874 525 943 553 Cod.
966 526 1176 562 Stuttgardien.
1200 527 1262 554 ΗΒ.
1286 529 1299 555 Ι
1319 527 1384 555 Asc.
1408 526 1454 555 95.

559 636 627 668 756.
657 638 708 667 De
728 638 839 668 Beata
861 638 972 668 Maria
994 639 1034 670 V.

539 717 619 756 Ave,
647 718 759 757 regina
786 719 955 761 caelorum,

538 765 655 805 Mater,
683 774 789 805 regem
815 767 1000 806 angelorum

587 812 690 845 Nobis
715 814 809 853 placa
835 819 867 846 et
892 815 1048 855 supplica,

590 861 633 894 Ut
659 861 761 902 ipsius
787 863 971 900 praesentia

589 908 799 941 Perfruamur
824 910 856 942 in
881 910 993 950 gloria.

215 987 299 1015 Miss.
320 996 374 1014 ms.
396 989 426 1016 S.
447 988 582 1016 Coronae
603 997 679 1015 sace.
703 987 747 1016 13.
781 989 853 1016 Cod.
876 989 1001 1025 Pragen.
1021 991 1035 1017 I
1058 991 1081 1016 B
1104 988 1147 1018 10.
1169 990 1234 1017 add.
1257 999 1330 1018 saec.
1355 990 1398 1018 14.
1423 1006 1454 1010 -

134 1025 275 1053 Gleieher
294 1026 412 1062 Anfang
432 1027 479 1054 bei
501 1026 557 1053 den
578 1026 848 1062 Alleluia-Tropeu.

562 1139 629 1169 757.
661 1140 709 1169 De
731 1140 841 1170 Beata
862 1139 971 1170 Maria
993 1140 1032 1171 V.

149 1218 181 1252 1.
208 1220 290 1257 Ave,
317 1219 428 1259 regina
454 1219 623 1258 virginum,
840 1220 872 1252 2.
901 1218 1012 1259 Surge,
1040 1220 1148 1251 venire
1174 1229 1321 1260 propera,

257 1266 338 1308 Ave,
367 1267 457 1304 virgo
484 1265 679 1307 christifera,
949 1267 1053 1299 Labes
1080 1267 1228 1308 absterge
1255 1268 1430 1309 criminum,

208 1314 375 1347 Generans
401 1324 440 1346 ex
466 1319 497 1345 te
524 1314 705 1356 Dominum,
898 1315 941 1347 Et
969 1315 1073 1355 dignis
1099 1320 1233 1354 propter
1258 1317 1380 1348 scelera

255 1361 332 1394 Sola
357 1363 446 1403 virgo
473 1371 644 1402 puerpera,
947 1363 1061 1395 Poenis
1085 1364 1211 1403 impone
1237 1364 1417 1395 terminum.

211 1442 298 1470 Miss.
319 1441 519 1469 Ambiauense
540 1443 610 1478 imp.
631 1442 756 1469 Parisiis
780 1440 863 1470 1487.

561 1556 628 1586 758.
661 1557 710 1586 De
732 1556 843 1587 Beata
864 1555 975 1586 Maria
996 1556 1036 1587 V.

480 1637 510 1669 1.
537 1635 650 1667 Dulcis
676 1640 789 1676 mater,
816 1635 912 1668 maris
937 1636 1040 1678 stella,

132 1706 197 1738 2a.
233 1703 354 1735 Contra
376 1701 578 1744 naufragium
827 1703 890 1736 2b.
922 1704 959 1735 In
985 1706 1039 1734 tuo
1066 1703 1185 1742 gremio

230 1751 274 1784 Et
300 1750 521 1784 exterminium
924 1752 1096 1783 Praesente.
1122 1751 1188 1783 filio

279 1799 433 1832 Nostrum
457 1799 621 1839 accelera3
970 1800 1085 1831 Pectus
1112 1804 1144 1831 et
1168 1799 1279 1837 ubera.

509 1869 566 1901 20.
595 1867 639 1900 Et
664 1856 862 1908 patri'filius

595 1916 783 1949 Praesentet
808 1915 958 1955 praevius

642 1964 742 1996 Latus
769 1967 798 1996 et
826 1965 968 2006 vulnera,

477 2034 509 2066 3.
537 2032 587 2064 Ne
612 2040 794 2073 mergamur
820 2031 878 2063 sub
905 2031 1058 2070 procella.

209 2116 294 2143 Miss.
319 2113 517 2142 Laudunense
539 2114 608 2150 imp.
630 2112 756 2140 Parisiis
780 2110 861 2139 1491.

558 2227 624 2257 759.
658 2227 707 2257 De
728 2225 839 2257 Beata
862 2225 972 2255 Maria
994 2225 1033 2255 V.

133 2312 193 2345 la,
229 2307 324 2350 Quid,
350 2311 484 2340 naturae
509 2308 664 2348 parvitas,
830 2306 888 2339 1b.
921 2306 991 2338 Hoc
1017 2305 1121 2337 effecit
1149 2304 1262 2344 deitas,

230 2357 360 2396 stupes,
387 2356 472 2396 quod
499 2355 670 2396 virginitas
924 2354 1021 2386 Cuius
1049 2356 1095 2385 est
1121 2353 1303 2385 humanitas

277 2404 339 2436 Est
363 2404 397 2435 in
421 2403 548 2437 matre?
972 2401 1047 2434 Sine
1072 2406 1175 2442 patre.
