1653 2689
665 86 926 122 -187—

138 176 170 210 2.
199 175 285 213 Cum
309 179 548 220 complerentur
572 182 639 215 dies
663 183 874 223 Pentecostes‚

197 225 395 259 Anastaseos
419 233 555 268 peracta.
578 230 801 271 quinquagena
825 230 879 262 die

195 271 296 304 Sacro
322 273 446 307 dierum
471 285 614 316 numero,

195 319 265 358 Quo
288 320 360 362 lege
385 321 422 354 fit
446 325 603 364 remissio,

134 367 168 400 3.
193 366 305 400 Erant
330 379 441 403 ommes
467 371 622 410 discipuli
641 371 770 411 pariter
795 371 832 403 in
858 371 967 404 eodem
992 372 1067 415 loeo,

195 415 233 447 In
258 424 321 455 quo
347 420 397 448 est
422 418 551 451 Domini
578 420 650 451 Iesu
675 419 716 450 ad
745 419 851 451 caelos
877 420 1063 460 assumptio,

195 462 389 504 congregati
415 469 509 498 erant
533 475 604 498 cum
634 471 736 498 matre

193 510 312 554 Maria⁷
340 513 428 544 clara
453 513 585 554 virgine.

133 561 166 592 4.
192 558 238 592 Et
262 559 370 598 faetus
397 563 441 592 est
465 563 594 600 repente
618 561 656 594 de
681 561 768 594 caelo
793 570 893 594 sonus

193 606 371 639 Vehemens
398 611 429 639 et
451 617 583 648 magnus

133 657 165 688 5.
191 654 378 694 Tamquam
425 657 626 690 advenientis
667 657 805 697 spiritus
847 659 1057 701 vehementis,
1105 662 1133 691 et
1173 661 1304 700 replevit
1344 663 1445 694 totam

288 703 433 742 domum,
457 704 515 736 ubi
540 706 634 737 erant
658 705 800 738 sedentes

192 750 236 782 Et
262 755 486 791 exspectantes

192 799 348 831 Paracliti
375 799 478 832 sancti
505 801 773 842 consolationem3

133 847 166 880 6.
191 846 238 879 Et
260 851 490 888 apparuerunt
516 848 580 880 illis
607 848 796 889 dispertitae
821 850 953 890 linquae
978 853 1147 890 tamquam
1174 851 1270 892 iynis',

193 895 239 927 Ut
264 899 372 927 essent
398 896 506 928 verbis
532 896 649 936 proflui

192 942 237 974 Et
262 943 398 975 caritate
423 943 553 982 fervidi,

134 990 164 1023 7.
192 990 345 1031 Seditque
370 1001 468 1032 super
489 992 634 1033 sinyulos
661 1002 782 1034 eorum,

191 1038 251 1077 Qui
277 1039 322 1071 ibi
349 1040 449 1072 clausi
475 1044 567 1072 erant
592 1044 726 1080 propter
752 1045 870 1073 metum
897 1040 1098 1081 ludaeorum,

130 1087 162 1120 8.
188 1087 234 1119 Et
258 1086 371 1127 repleti
394 1091 472 1120 sunt
497 1097 609 1120 omnes
633 1088 754 1127 spiritu
779 1092 903 1127 sanem,

192 1134 393 1167 Procedente
419 1145 437 1167 a
462 1140 556 1176 patre
582 1140 613 1166 et
639 1140 722 1177 nato,

130 1182 163 1216 9.
190 1181 236 1215 Et
269 1185 439 1222 coeperwnt
473 1182 562 1223 loqui
594 1184 696 1216 variis
732 1184 874 1226 linquis,
901 1188 1002 1224 prout
1026 1186 1162 1224 spiritus
1187 1188 1319 1217 sanctus
1345 1184 1442 1216 dabat

286 1231 393 1270 eloqui
418 1230 494 1269 illis,

191 1277 252 1317 Qui
277 1279 428 1311 manebat
453 1280 487 1311 in
512 1279 603 1319 ipsis.

197 1372 286 1407 Trop.
315 1381 368 1400 ms.
389 1372 550 1400 Troianum
571 1381 646 1400 saec.
675 1371 718 1400 12.
760 1373 829 1401 Cod.
853 1373 1042 1409 Neapolitan.
1066 1374 1107 1401 VI
1128 1374 1153 1401 G
1175 1372 1220 1401 34.
1242 1388 1278 1392 -
1300 1372 1331 1405 2,
1358 1371 1375 1399 2
1396 1374 1443 1401 die

118 1410 201 1437 fehlt.
221 1424 259 1430 --
280 1409 307 1443 5,
335 1409 354 1437 4
373 1412 608 1438 consolationem
630 1412 710 1447 piam
727 1411 833 1448 (gegen
853 1412 900 1438 die
922 1413 1094 1446 Assonanz).
1114 1427 1151 1430 -—
1173 1411 1200 1442 2,
1225 1411 1242 1439 3
1265 1412 1324 1439 und
1344 1411 1362 1438 4
1384 1411 1445 1439 und

119 1450 228 1477 ebenso
255 1447 289 1482 6,
320 1446 338 1476 2
369 1449 429 1476 und
456 1447 474 1477 3
505 1449 571 1477 sind
599 1448 828 1486 Entlehnungen
860 1458 912 1477 aus
944 1450 1009 1477 dem
1037 1450 1277 1486 Pfingsthymnus
1308 1452 1444 1485 „Beata

116 1487 230 1515 nobis
258 1486 418 1523 gaudia⁶⁴
441 1488 538 1517 (Anal.
561 1488 669 1523 Hymn.
692 1489 736 1518 11„
764 1490 815 1516 Nr.
837 1487 892 1518 51).
916 1504 950 1507 -
969 1489 1025 1516 Die
1047 1489 1163 1524 Epistel
1192 1490 1264 1516 wird
1291 1488 1366 1516 noch
1392 1489 1442 1517 des

119 1526 259 1554 weiteren
274 1527 413 1562 tropiert;
429 1527 500 1554 aber
514 1526 653 1554 wiihrend
668 1527 714 1554 bis
730 1536 794 1554 zum
809 1526 967 1554 Abschuitt
981 1525 998 1553 9
1013 1527 1141 1562 Epistel-
1157 1527 1216 1554 und
1231 1528 1443 1563 Tropierungs-

116 1567 179 1592 text
207 1564 299 1592 durch
327 1564 385 1592 den
405 1565 489 1592 Reim
509 1564 685 1600 (Assonanz)
706 1566 904 1592 miteinander
928 1565 1099 1593 verbunden
1127 1567 1209 1598 sind,
1239 1566 1365 1594 verlssiuft
1392 1566 1442 1593 der

120 1604 192 1631 Rest
212 1604 244 1631 in
267 1603 393 1640 volliger
406 1603 510 1637 prosa,
534 1605 575 1631 ist
595 1604 659 1631 also
680 1605 726 1631 fi'ir
746 1604 794 1631 die
810 1605 1006 1640 Hymnologie
1029 1605 1190 1640 belanglos.
1225 1605 1291 1632 Von
1305 1604 1442 1632 auderem

119 1641 371 1677 Gesichtspunkte
392 1651 445 1670 aus
463 1642 529 1670 sind
544 1644 722 1670 interessant
736 1642 781 1670 die
798 1642 1050 1678 etymologischen
1066 1643 1242 1680 Deutungen
1253 1644 1304 1670 der
1318 1643 1441 1670 volker-

120 1679 180 1708 und
201 1680 427 1708 Liindernamen
449 1682 540 1708 sowie
561 1681 649 1708 deren
670 1681 822 1717 Epitheta,
843 1681 890 1708 die
911 1682 959 1708 ich
981 1681 1103 1709 deshalb
1125 1681 1188 1709 hier
1211 1682 1341 1717 beifiige:

193 1731 306 1761 Parthi
325 1733 465 1769 fugiendo
484 1735 638 1761 vincentes

193 1769 237 1800 Et
257 1769 344 1800 Medi
366 1772 492 1800 mediam
514 1777 621 1800 terram
643 1773 806 1800 incolentes

194 1809 237 1839 Et
257 1808 290 1837 E
295 1809 416 1839 larnitae
437 1812 482 1838 sic
501 1811 574 1838 dicti
595 1812 632 1838 ab
652 1811 740 1838 Elam
761 1820 815 1838 suo
837 1812 960 1847 antiquo
980 1813 1168 1847 progenitore

194 1848 237 1877 Et
258 1849 311 1883 qui
332 1847 473 1877 habitant
493 1846 759 1884 BIesopotamiam,
785 1850 910 1877 mediam
934 1852 1011 1877 inter
1031 1850 1103 1877 duos
1126 1854 1259 1885 potamos
1283 1870 1403 1878 .....

194 1886 237 1916 Et
258 1886 477 1922 Ραπῳὴίῑίαπι,
498 1891 591 1915 totam
613 1891 749 1919 amatam,
770 1889 885 1916 divitiis
908 1889 1074 1916 affluentem
1098 1910 1103 1915 .
1127 1910 1132 1915 .
1156 1909 1161 1914 .

193 1924 239 1954 Et
258 1924 356 1954 Cretes
378 1927 486 1954 marini
507 1927 533 1953 et
553 1924 672 1954 Arabes
693 1923 848 1962 odoriferi.

115 1981 173 2009 Zur
194 1979 390 2015 Verbindung
410 1979 462 2006 des
481 1978 612 2013 Epistel-
633 1979 692 2007 und
712 1979 1010 2017 Tropierungstextes
1032 1980 1123 2007 durch
1145 1981 1192 2008 die
1209 1981 1362 2008 Assonanz
1384 1981 1442 2016 vgl.

114 2020 166 2047 Nr.
187 2016 253 2054 394,
274 2015 339 2050 400,
361 2016 419 2046 409
442 2017 502 2045 und
522 2016 588 2045 414.

588 2150 658 2181 397.
690 2151 728 2181 In
750 2151 968 2183 Pentecoste.

132 2243 161 2277 1.
191 2240 275 2280 Tibi,
302 2240 400 2281 Deus,
426 2240 487 2272 soli
512 2244 589 2272 nota
823 2242 854 2274 2.
882 2241 1003 2282 Regum
1030 2251 1106 2282 ergo
1132 2250 1189 2274 rex
1215 2246 1247 2273 et
1273 2246 1388 2281 rector⁷

188 2289 379 2321 Famulatur
403 2296 494 2320 mens
520 2288 646 2327 devota,
882 2289 920 2321 In
945 2290 1072 2322 insidiis
1097 2293 1273 2330 protector,

190 2337 247 2381 Te,
275 2345 369 2377 quem
395 2335 461 2368 fide
486 2335 679 2376 speculatur,
882 2336 1021 2369 Nostrae
1048 2338 1159 2370 laudes
1185 2338 1349 2370 servitutis

191 2386 337 2420 Caritate
362 2388 543 2419 veneratur.
881 2384 995 2418 Deduc
1021 2386 1054 2418 in
1076 2385 1172 2418 finem
1198 2386 1320 2419 salutis
