1653 2689
802 119 1172 158 —170-'2

531 221 563 257 8.
601 221 739 264 Magnus
765 222 817 254 hic
843 222 904 254 erit

601 271 702 313 Iesus,
729 269 813 302 filius
839 270 918 309 Dei;

659 318 686 344 et
706 315 790 353 filius

533 362 564 394 9.
605 361 711 393 Patris
736 361 850 393 summi

661 405 751 435 clatus
773 409 815 435 est
835 406 925 435 nobis

510 453 565 485 10.
605 451 657 483 Ab
681 461 756 484 arce
781 462 922 490 summa3

661 500 687 526 et
707 499 809 534 factus
831 500 874 526 est
891 497 1088 540 principatus

662 543 753 572 super
773 545 911 565 umerum(
931 543 1005 570 ems,

509 582 566 615 11.
607 582 653 614 Ut
679 582 784 614 caelos
810 587 901 623 regat
926 585 1022 622 atque
1047 591 1128 614 arva

604 628 737 661 Necnon
763 629 926 662 refraenet
950 630 1070 671 maria;

660 677 687 703 et
707 675 865 704 vocabitur
884 683 992 704 ‘nomen
1011 675 1076 704 eius

510 719 565 752 12.
606 720 754 761 Messias,
782 721 908 764 Sother,
936 720 1104 761 Emanue1‚
1131 719 1282 761 Sabaoth,
1309 717 1448 761 Adonai,

660 765 872 801 Admirabilis,

511 810 564 843 13.
605 811 711 843 Radix
737 812 854 854 David,

665 856 872 885 Consiliarius

512 902 567 934 14.
610 901 670 933 Dei
695 904 808 945 patris,
836 904 890 944 qui
915 902 1037 934 creavit
1061 901 1176 941 omnia,

664 947 751 976 Dens
771 949 871 984 fortis,

513 988 568 1019 15.
608 989 746 1020 Pulchre
771 991 960 1022 daemonum
987 992 1092 1020 castra

607 1037 772 1069 Perimens
799 1037 995 1077 taeterrima,

663 1080 758 1110 Pater
778 1083 879 1119 futuri
902 1081 1023 1115 saeculi,

512 1121 566 1153 16.
604 1121 673 1153 Rex
700 1124 899 1163 omnipotens

607 1169 650 1200 Et
677 1176 789 1202 cuncta
816 1180 938 1212 regens,

664 1213 811 1253 Princeps
829 1217 919 1253 pacis

516 1255 572 1287 17.
608 1254 673 1286 Per
699 1259 803 1289 saecla
829 1257 1041 1298 sempiterna;

665 1302 922 1339 multiplicabitur
942 1301 1005 1329 eius
1027 1301 1184 1336 imperium

519 1340 574 1372 18.
613 1341 650 1371 In
676 1342 862 1383 Ierusalem,
888 1342 1018 1378 Iudaea,

614 1387 688 1419 Sive
709 1390 863 1429 Samaria,

666 1438 691 1463 et
708 1436 798 1471 pacis
819 1445 879 1465 nou
902 1434 957 1464 erit
977 1434 1050 1470 finis

516 1473 572 1507 19.
612 1474 675 1505 Hic
700 1481 732 1507 et
756 1476 788 1508 in
814 1485 945 1516 aevum;

669 1530 761 1557 super
781 1521 889 1550 solium
910 1519 1014 1548 David

665 1562 691 1588 et
713 1568 805 1596 super
827 1567 948 1597 reynum
969 1558 1032 1587 eius
1053 1557 1170 1592 sedebit,

515 1599 571 1631 20.
607 1598 651 1630 Et
675 1601 765 1640 regni
790 1605 874 1632 meta

610 1646 665 1679 Sui
690 1657 752 1679 non
779 1649 841 1679 erit
866 1649 984 1687 aliqua,

667 1696 701 1722 ut
722 1694 876 1729 confirmet
898 1691 972 1721 illud
993 1694 1019 1720 et
1039 1692 1209 1721 corroboret

517 1733 571 1765 21.
599 1732 635 1765 In
660 1734 736 1766 fidei
763 1735 903 1776 pignore,

673 1780 705 1807 ιή
730 1779 843 1809 iudicio
864 1783 889 1808 et
911 1779 1040 1813 iustitia,

517 1821 572 1852 22.
601 1820 700 1852 Iudex
729 1829 799 1851 cum
826 1820 949 1853 venerit
973 1820 1119 1851 iudicare
1144 1820 1315 1852 saeculum.

673 1865 789 1893 Amodo

517 1908 572 1939 23.
615 1907 667 1939 Illi
695 1906 829 1938 debetur
853 1905 965 1947 gloria,

612 1954 696 1986 Laus
723 1958 755 1985 et
779 1954 926 1986 iubilatio

668 2002 693 2028 et
714 2008 815 2035 usque.

289 2046 332 2078 24
343 2053 371 2076 a.
407 2044 549 2083 Semper,
576 2050 594 2072 0
620 2041 682 2080 pie,
980 2042 1024 2073 24
1036 2041 1067 2073 b.
1104 2041 1253 2084 Nostrae,
1281 2042 1312 2073 in
1340 2041 1448 2082 laude,

407 2092 564 2124 Succurre
591 2092 738 2120 catervae
1098 2089 1177 2128 Rex,
1207 2090 1253 2122 tui
1280 2091 1478 2132 coniunctae,

290 2160 335 2192 25
345 2168 374 2191 a.
400 2158 460 2198 Qui
484 2157 610 2197 virgine
976 2156 1020 2188 25
1031 2155 1065 2188 b.
1098 2156 1327 2198 Complexibus

409 2207 444 2238 In
471 2208 615 2244 tempore
641 2207 742 2235 matre
1097 2204 1200 2238 Natus
1226 2207 1324 2238 maris
1350 2204 1472 2246 absque

290 2276 334 2308 26
345 2284 374 2308 a.
409 2273 525 2306 Mortis
553 2272 671 2304 dedisti
976 2273 1020 2305 26
1032 2272 1062 2305 b.
1099 2272 1332 2306 Caelicolarum

409 2321 517 2356 Pretio
543 2324 617 2352 tuae
643 2329 700 2351 nos
727 2329 820 2360 posse
1095 2322 1205 2354 Inesse
1232 2322 1344 2362 dignos
1370 2321 1500 2365 gloriae,

748 2388 805 2420 27.
844 2388 981 2427 Quorum
1007 2396 1084 2420 vere
1109 2397 1153 2432 es,

844 2433 875 2461 in
897 2432 1118 2469 sempiternum.
