1653 2689
100 86 191 96 5*=—1
218 88 226 94 v

693 103 953 140 —317—

165 203 230 236 2³.
264 202 301 234 In
327 203 466 236 saeclum
493 206 616 236 manent
853 201 916 234 2b.
949 201 1066 234 Servos
1091 202 1122 233 in
1149 206 1331 245 aeternum3

260 249 330 282 lans
356 251 417 282 tibi
442 259 568 291 semper
949 248 1019 281 fons
1048 249 1207 290 bonitatis,

260 307 333 330 eum
356 298 518 339 tripudio;
948 301 983 328 tu
1009 298 1103 337 regis,
1130 298 1287 337 quidquid

261 350 304 387 et,
331 346 423 386 bone,
449 347 568 386 optime
949 350 995 376 est
1022 345 1053 379 in
1082 346 1179 383 caelo,
1207 346 1320 387 terris;

261 403 328 437 rex,
356 398 444 426 certa
467 394 564 433 salus,
948 398 988 434 te,
1017 394 1099 425 trine
1123 393 1220 433 Deus,

259 442 401 482 guberna
426 444 496 473 tuos
948 442 1015 473 sine
1042 442 1085 472 nil
1113 441 1186 473 boni

165 505 224 537 3a.
259 503 394 544 operari
419 507 525 544 potest
853 503 913 536 3b.
947 504 1047 536 Filius
1075 503 1220 536 hominis.

535 568 567 598 4.
594 565 685 604 Quod
712 565 824 606 habeo,
851 566 956 605 feram
983 567 1050 597 tibi.

239 641 327 676 Trop.
355 649 407 669 ms.
435 641 628 668 Martialense
655 642 724 668 anni
753 640 894 668 933—36.
936 642 1005 668 eod.
1028 643 1152 668 Parisiu.
1178 640 1258 669 1240.
1280 642 1313 669 Α.
1336 656 1371 660 -—
1393 641 1480 677 Trop.

162 687 214 706 ms.
235 679 492 706 Heidenhemeuse
519 688 595 707 saec.
625 678 668 706 11.
711 680 781 706 Cod.
810 680 952 707 oxonien.
980 680 1057 707 Seld.
1087 689 1175 715 supra
1195 678 1241 706 27.
1263 681 1295 707 Β.
1319 695 1353 698 -
1380 680 1436 709 la,
1465 678 1483 706 2

161 717 212 753 qui
233 725 264 744 es
283 715 330 752 (st.
352 716 411 753 pie)
430 716 465 744 A.
487 732 522 736 —
547 716 597 749 lb,
623 717 635 744 1
659 718 733 746 Cede
758 719 789 745 B.
810 733 847 735 —
869 720 919 749 Za,
941 717 959 744 4
980 722 1008 745 et
1030 719 1102 745 bene
1121 720 1154 745 A.
1174 733 1212 737 —
1234 717 1284 751 21),
1308 717 1320 744 l
1344 718 1482 746 Famulos

160 755 282 782 devotos
302 756 349 787 (st.
371 755 490 789 Servos)
511 757 544 783 A.
567 771 604 774 —
626 755 678 790 21),
706 755 725 783 4
746 756 836 784 caelis
859 761 887 783 et
908 758 939 783 B.
961 772 998 775 —
1020 756 1071 787 2b.
1101 756 1117 783 5
1139 761 1167 784 et
1187 760 1214 784 te
1238 759 1274 786 B:
1303 758 1379 784 trine
1402 758 1482 784 Deus

160 793 236 821 fehlt
257 795 289 821 B.
313 808 348 812 —
370 793 413 822 3a
435 795 513 821 enim
535 797 632 831 potest
646 796 678 822 B.
703 809 729 812 —
758 795 776 822 4
798 795 914 821 offeram
931 795 980 821 AB
1000 795 1088 825 «wohl
1104 796 1325 831 Dittngraphiffi
1348 797 1397 822 cfr.
1417 804 1484 821 vor-

159 831 345 867 hergehende
367 833 527 864 Nummer).
550 846 586 852 ·—
609 834 664 861 Die
682 833 917 867 Versabteiluw,
941 834 1048 860 welch(-
1071 834 1142 865 sich,
1164 836 1266 860 sou-eit
1287 835 1422 869 mijglieh,
1445 842 1483 860 au

161 871 214 898 das
236 870 362 898 Schema
389 871 440 898 des
461 871 720 907 vorhergehenden
738 872 852 908 Tropus
874 872 1059 901 anschliesst.
1091 873 1182 899 bleibt
1201 881 1259 898 von
1281 872 1347 899 sehr
1368 872 1483 907 proble-

161 909 320 936 matischer
340 910 443 936 Natur-

401 993 471 1023 625.
503 993 605 1024 Feria
626 994 669 1025 ΙΙ.
692 994 727 1023 in
749 994 856 1024 nebel.
879 995 922 1024 Π.
946 994 1244 1035 Quadragesimae.

162 1064 222 1097 la.
258 1064 310 1095 Ad
337 1068 382 1105 te,
410 1064 642 1103 cunctipotens,
856 1064 914 1096 lb.
949 1064 1092 1095 Clamant
1121 1069 1228 1095 nosti-a
1254 1073 1320 1096 ora.

161 1128 221 1159 2a.
251 1126 293 1159 Ut
319 1126 410 1157 nobis
436 1127 586 1158 ostendas
851 1126 912 1158 2b.
946 1126 1141 1165 Nostrosque
1168 1126 1334 1157 confirmes

256 1173 368 1205 salutis
396 1174 478 1205 viam
946 1173 1081 1214 benigne
1108 1174 1235 1214 gradus,

160 1237 220 1269 32.
256 1235 433 1268 infundens
463 1236 508 1266 eis
852 1236 914 1269 3b.
944 1238 1049 1275 Atque
1077 1246 1131 1266 nos
1158 1236 1254 1274 imple

254 1283 360 1314 lumen
383 1285 471 1315 vitae
497 1288 658 1324 aeternae,
945 1283 1067 1314 laetitia
1095 1293 1164 1314 cuin
1191 1288 1254 1319 tum,

158 1347 220 1378 4a.
258 1345 302 1378 Ut
328 1346 478 1377 mandata
850 1346 910 1377 4b.
942 1345 983 1376 Et
1012 1345 1146 1383 implere

253 1401 380 1432 semper
406 1398 460 1424 tua
486 1393 649 1424 custodire
945 1394 1100 1431 possimus
1128 1401 1225 1431 usque
1252 1393 1285 1423 in
1312 1392 1420 1431 finem,

234 1469 322 1504 Trop,
355 1477 406 1494 ms.
437 1467 676 1496 Emmeramense
707 1469 776 1494 anni
810 1466 967 1495 1024—36.
1017 1469 1088 1495 Clm.
1120 1469 1272 1495 Monacen.
1308 1466 1413 1495 14:322.
1443 1482 1479 1487 —

157 1505 218 1544 21),
247 1505 265 1533 ’2
286 1507 412 1542 benigne
433 1506 514 1534 fehlt.
537 1523 571 1526 —
594 1507 651 1533 Die
673 1506 975 1542 Strophenahteilung
996 1507 1158 1540 eutspricht
1178 1515 1273 1539 genau
1294 1506 1345 1533 der
1366 1507 1419 1534 Hs.
1441 1520 1478 1524 —

157 1539 358 1573 Uberschrift:
383 1546 441 1578 „In
462 1542 605 1572 finem“.
621 1560 656 1563 —
672 1545 732 1572 Der
746 1545 820 1572 Text
841 1544 891 1572 des
913 1543 939 1572 ‘2-
954 1545 1063 1572 Versus
1085 1554 1150 1571 zum
1167 1544 1353 1572 offertorium
1369 1546 1475 1572 latitet:

156 1585 273 1612 Notas
308 1584 439 1610 fecisti
470 1583 560 1610 mihi
591 1584 675 1611 vias
706 1584 827 1615 vitae,
863 1583 1094 1618 adimplebis
1126 1593 1178 1611 me
1210 1584 1367 1610 laetitia
1399 1592 1477 1610 cum

155 1622 265 1650 vultu
293 1626 358 1649 tuo
386 1626 419 1649 et
445 1621 732 1650 delectationes
761 1623 795 1649 in
824 1621 981 1650 dextera
1008 1626 1070 1649 tua
1096 1631 1213 1658 usque
1242 1621 1279 1648 ιή
1308 1621 1433 1655 finem.

396 1715 465 1745 626.
497 1715 599 1745 Feria
619 1716 658 1746 V.
680 1715 716 1745 in
737 1715 845 1746 Heba.
867 1715 912 1746 Π.
938 1714 1234 1756 Quadragesimae.

157 1788 216 1820 Ia.
254 1787 426 1819 Precamur
451 1790 492 1821 te.
520 1786 667 1825 Domine,
850 1786 911 1819 lb.
944 1785 1079 1818 Nosmet
1103 1786 1235 1818 intende
1261 1787 1399 1818 clemens

155 1851 214 1882 2³.
252 1849 294 1881 Et
320 1857 448 1888 semper
474 1849 672 1880 maiestatem
845 1849 907 1881 2b.
940 1849 1000 1887 Qui
1029 1849 1067 1880 de
1094 1852 1125 1880 te
1151 1857 1232 1889 puro
1259 1849 1355 1881 corde

249 1902 336 1928 tuam
364 1896 541 1936 praetende
939 1896 1002 1928 sibi
1029 1902 1185 1937 quaerunt

251 1945 382 1978 Cunctis
407 1943 470 1976 tuis
939 1945 1106 1977 Auxilium

248 1993 411 2033 fidelibus,
940 1993 1159 2032 protectionis.

550 2051 581 2082 3.
609 2049 719 2082 Temet
745 2050 924 2083 adiutorem

604 2107 784 2131 mereamur
809 2099 927 2131 habere

604 2145 649 2177 In
673 2146 759 2178 omni
784 2147 867 2178 malo
891 2149 1042 2187 tempore.

230 2225 318 2260 Trop.
350 2232 404 2250 ωε.
434 2222 675 2251 Emmeramenee
705 2223 775 2249 anni
808 2220 966 2251 1024—36.
1014 2225 1086 2252 Clm.
1118 2225 1270 2262 Monqcen.
1305 2223 1411 2253 14322.
1440 2240 1477 2244 —

151 2263 213 2297 2b,
242 2262 255 2290 1
278 2263 315 2290 de
337 2262 419 2289 fehlt.
439 2276 476 2281 —
498 2261 557 2288 Die
576 2260 717 2288 Initialen
737 2269 834 2296 genau
853 2263 909 2289 wie
929 2264 961 2289 in
981 2263 1032 2290 dei-
1054 2263 1107 2290 ΗΒ.
1129 2279 1164 2282 -
1189 2264 1388 2291 L'bersehrift:
1419 2265 1478 2299 „In

152 2299 371 2338 tem-pore“.
398 2315 435 2320 ——
461 2300 522 2327 Der
549 2299 625 2326 Text
653 2299 704 2327 des
725 2297 752 2326 2.
781 2300 891 2327 Versus
923 2309 987 2328 zum
1016 2301 1202 2330 offertorium
1232 2303 1338 2331 lautet:
1371 2304 1478 2330 Dixit

150 2343 302 2376 Moyses
330 2342 365 2366 et
385 2340 508 2366 Aaron
535 2337 576 2366 ad
602 2346 740 2365 omnem
762 2346 983 2376 synagogam
1006 2340 1176 2368 filiorum
1198 2342 1334 2369 Israel:
1362 2343 1477 2370 Acce-

151 2381 232 2408 dite
260 2382 348 2406 ante
377 2378 507 2411 Deum,
533 2377 716 2404 maiestas
734 2377 883 2418 Dohmini
904 2381 1084 2414 apparuit
1106 2380 1142 2406 iu
1162 2380 1253 2407 nube
1275 2385 1309 2408 et
1329 2381 1475 2408 exaudi-

151 2420 208 2446 vit
235 2418 560 2445 murmurationem
587 2418 754 2443 vestram
781 2423 821 2442 tn
847 2416 1039 2452 tem-pore.
