1653 2689
795 177 836 182 -
887 157 959 192 374
1007 176 1051 180 —
1217 144 1235 158 ''

493 255 647 296 Spiritum
672 258 776 287 sumet
800 254 921 287 bestiae
945 254 1061 296 imago,

493 304 656 344 Loquetur
681 303 780 336 verba
804 303 958 335 inaudita¹

588 352 630 390 R.
660 356 743 397 Heu,
769 356 888 394 miseri,

659 404 743 445 Heu,
769 404 895 436 miseri!

660 452 754 494 Quid,
782 452 886 491 homo,
911 451 1052 490 ineptam

659 500 808 540 Sequeris
833 498 1014 531 laetitiam?

413 578 469 611 17.
495 573 637 616 Rumpet
662 575 812 616 abyssum
839 575 933 607 stella
959 575 999 607 dc
1025 575 1112 606 caelo

494 623 628 656 Monens
655 623 808 664 reprobos
834 623 965 663 praevio
993 623 1101 663 signo:

493 671 672 711 Erumpent
696 671 838 702 locustae
865 667 884 687 *
910 671 1065 703 hactenus
1094 679 1252 710 nunquam
1279 670 1382 710 visae,

589 719 715 751 Similes
741 719 829 758 equis

587 767 678 798 Bello
705 767 838 806 paratis,

589 813 723 846 Galeato
749 814 878 854 vertice,

587 862 737 893 Loricato
764 870 908 900 corpore,

494 909 611 941 Caudis
636 913 671 940 ut
697 909 841 950 scorpius
867 907 1041 948 aculeatae,

493 956 606 989 Facies
632 957 697 987 illis
723 956 887 989 humanae.

589 1006 631 1042 R.
663 1010 744 1048 Heu,
771 1008 891 1048 miseri,

658 1056 740 1096 Heu,
768 1055 894 1087 miseri!

658 1103 752 1143 Quid,
780 1103 885 1142 homo,
906 1103 1047 1142 ineptam

660 1151 809 1190 Sequeris
834 1149 1014 1182 laetitiam?

410 1231 465 1263 18.
493 1224 622 1261 stridor
647 1227 769 1259 alarum
795 1231 829 1258 ut
856 1235 950 1258 sonus
975 1236 1138 1266 aquarum,

493 1275 613 1307 Dentes
640 1283 746 1306 earum
775 1275 886 1306 dentes
911 1275 1056 1316 leonum3

494 1322 653 1355 Volabunt
681 1323 811 1364 celeres,
842 1318 859 1338 *
887 1322 1012 1362 rugient
1037 1325 1072 1354 ut
1099 1322 1288 1362 quadrigae.

587 1370 743 1410 Angelum
771 1379 845 1409 ergo

588 1417 710 1449 Ferunt
735 1417 855 1458 abyssi,

587 1466 685 1505 Quem
712 1465 878 1496 Hebraeus
904 1464 1076 1507 Abaddon,

589 1512 731 1544 Graecus
757 1513 929 1552 Apollyon,

492 1560 766 1593 Exterminantem
794 1560 872 1592 dicit
898 1560 1050 1592 Latinus:

493 1609 698 1640 Tormentum
725 1609 818 1640 malis
843 1607 1005 1640 mensibus
1031 1608 1146 1648 quinis.

589 1653 629 1689 R.
660 1657 740 1698 Heu,
768 1656 887 1695 miseri,

660 1704 742 1745 Heu,
768 1703 895 1735 miseri!

661 1752 755 1793 Quid,
784 1752 887 1790 homo,
915 1751 1055 1790 ineptam

661 1799 809 1840 Sequeris
835 1798 1016 1831 laetitiam?

411 1879 466 1912 19.
494 1873 616 1909 Truces
641 1885 700 1916 per
725 1876 876 1907 mundum
903 1875 1024 1916 equites
1051 1880 1194 1916 currunt,

493 1924 635 1956 Tertiam
663 1928 786 1963 partem
812 1923 973 1955 hominum
1001 1924 1162 1964 occidunt,

494 1971 601 2003 Vicies
627 1972 730 2003 milies
757 1968 775 1988 *
803 1972 890 2003 milia
917 1975 1010 2003 erunt
1036 1972 1128 2004 dena.

590 2020 679 2052 Sicut
705 2020 829 2051 leonum

589 2067 703 2107 Capita
729 2076 855 2109 eorum,

590 2115 719 2147 Caudae
745 2124 853 2146 eorum

589 2162 703 2202 Capita
728 2162 934 2201 serpentium,

492 2210 580 2251 Ignis
607 2214 639 2241 et
663 2210 808 2250 sulphur,
834 2208 970 2249 pestifer
995 2207 1100 2241 fumus

493 2257 627 2291 Prodiet
652 2266 708 2290 ore
733 2258 886 2297 ipsorum.

588 2303 629 2339 R.
660 2306 744 2342 Heu,
770 2305 891 2346 miseri,

660 2354 742 2394 Heu,
769 2352 895 2384 miseri!

662 2401 756 2440 Quid,
783 2400 886 2443 homo,
913 2399 1055 2440 ineptam

664 2448 813 2489 Sequeris
839 2446 1018 2480 laetitiam?
