1653 2689
498 569 538 606 G.
577 569 879 606 communiones
903 568 1180 614 Rhythmicae.

697 711 763 743 752.
795 711 864 743 Pro
885 712 987 743 Pace.

539 791 557 824 1
585 791 635 823 Tu
659 799 753 824 verus
779 795 872 832 pater
896 798 1083 832 pauperum,

586 839 688 871 Verus
711 839 856 871 indultor
881 838 1056 880 criminum,

586 887 689 919 Dator
713 888 803 926 pacis
829 890 860 918 et
886 885 1066 926 supplicum

585 934 768 966 Exauditor
788 933 940 974 fidelium,

540 983 559 1014 5
585 982 682 1013 Mitte
706 983 796 1021 pacis
821 982 975 1014 solacium

584 1029 628 1061 Et
653 1029 777 1062 fructus
802 1030 892 1069 pacis
917 1029 1071 1062 cordium.

262 1104 345 1132 Miss.
366 1104 552 1132 pictaviense
573 1105 642 1141 imp.
663 1105 789 1132 Parisiis
813 1101 895 1132 1498.

606 1216 674 1247 753.
701 1216 741 1247 Ῑιι
762 1217 926 1255 Corporis
949 1217 1092 1249 Christi.

513 1297 530 1329 1
559 1297 641 1336 Ave,
667 1296 780 1328 salutis
804 1295 920 1337 hostia,

558 1343 646 1382 Quae
670 1343 755 1376 vitae
781 1343 908 1376 confers
933 1343 1087 1385 praemia,

559 1391 584 1423 O
610 1391 666 1422 lux
691 1392 802 1423 mundi
827 1396 860 1424 et
884 1392 996 1432 gloria,

561 1438 683 1470 cuncta
709 1438 829 1479 repelle
853 1439 959 1481 noxia,

513 1488 532 1519 5
559 1485 603 1517 Et
628 1495 646 1517 a
671 1486 782 1518 mundi
807 1487 937 1518 miseria

559 1533 626 1565 Nos
653 1533 714 1565 duc
735 1534 778 1565 ad
805 1535 886 1566 caeli
911 1534 1038 1575 gaudia.

264 1613 347 1641 Miss.
376 1623 428 1641 ms.
459 1613 663 1640 Vodniacense
690 1621 765 1641 saec.
796 1612 839 1641 14.
880 1614 950 1641 Cod.
977 1615 1053 1642 Mus.
1081 1614 1200 1642 Bohem.
1225 1614 1298 1642 XIV
1316 1615 1343 1643 A
1362 1614 1390 1644 8.
1410 1616 1446 1645 A.
1466 1630 1505 1635 —

192 1652 279 1681 Grad.
305 1661 357 1679 ms.
378 1652 526 1689 Pragense
554 1653 624 1678 anni
647 1650 728 1678 1551.
769 1652 838 1680 Cod.
862 1653 957 1688 Capit.
978 1652 1103 1689 Pragen.
1123 1653 1148 1680 P
1171 1652 1213 1681 lO.
1234 1653 1267 1680 B.
1290 1667 1326 1673 -—
1345 1655 1429 1682 Miss.
1451 1663 1505 1682 ms.

190 1691 338 1726 Pragense
366 1699 441 1718 saec.
465 1688 508 1717 15.
548 1690 618 1716 Cod.
646 1689 721 1717 Mus
744 1691 908 1725 Hungarici
928 1689 973 1719 93.
995 1691 1027 1719 C.
1048 1705 1085 1710 —
1106 1689 1123 1718 2
1145 1692 1227 1725 Quae
1253 1692 1362 1720 mundo
1389 1693 1504 1721 confers

190 1730 224 1756 Β.
246 1745 281 1748 -
303 1727 322 1755 4
342 1729 468 1765 repellas
490 1728 521 1760 O,
543 1728 618 1764 pelle
642 1727 708 1761 AB;
732 1728 829 1763 iurgia
848 1727 893 1762 (st.
915 1728 1014 1763 noxia)
1032 1729 1067 1757 Β
1088 1745 1124 1749 -
1145 1728 1163 1756 5
1182 1729 1224 1757 Et
1243 1729 1280 1757 de
1300 1731 1402 1759 mundi
1422 1730 1453 1758 C.
1467 1745 1506 1751 —-

189 1765 207 1795 6
230 1767 294 1794 Duc
314 1738 393 1800 (nosp
397 1767 434 1801 Β)
453 1766 490 1794 ad
511 1768 629 1794 aeterna
645 1766 755 1801 gaudia
777 1768 833 1794 BC.

513 1879 581 1910 754.
611 1879 661 1909 De
683 1878 922 1917 compassione
943 1880 1073 1911 Beatae
1095 1881 1171 1913 MV.

543 1958 561 1991 1
589 1957 638 1990 De
663 1966 756 1990 cruce
783 1958 964 1998 depositum

637 2005 750 2037 videns
777 2015 892 2046 corpus
918 2006 1038 2040 Christi

290 2074 305 2084 .
587 2052 714 2085 Maesta
737 2058 839 2085 mater
864 2054 1038 2088 lacrimans

636 2104 732 2140 atque
757 2102 846 2133 vultu
873 2101 957 2134 tristi

545 2150 564 2182 5
589 2148 700 2182 Dixit:
727 2148 752 2180 Ο
779 2149 962 2181 dulcissime

637 2195 693 2237 fili,
720 2196 798 2236 quid
824 2195 939 2240 fecisti,

591 2243 684 2283 Quod
710 2244 767 2276 has
791 2253 910 2284 poenas
935 2255 1066 2287 asperas
1087 2256 1090 2258 ’

637 2294 668 2323 et
691 2295 824 2324 mortem
850 2293 987 2326 subisti?

265 2374 348 2402 Miss.
369 2374 556 2410 Lingonense
577 2373 646 2409 imp.
667 2372 768 2400 Trecis
792 2370 873 2400 1549.
887 2389 925 2394 -—
939 2374 1061 2404 Scheint
1081 2376 1130 2404 ein
1145 2376 1334 2406 Bruehstfiek
1348 2384 1404 2407 aus
1423 2377 1508 2406 einer

189 2412 340 2449 grosseren
359 2412 510 2448 Dichtung
531 2420 568 2440 zu
589 2412 661 2439 sein.
