1653 2689
692 111 950 147 —237—

472 205 499 240 0
525 217 626 248 quam
647 207 787 248 pulchra
811 217 853 249 es,
879 212 969 240 casta
993 208 1186 249 yeneratio!

161 271 224 303 52.
258 271 456 311 Angelorum
484 273 589 306 choris
854 272 915 307 5b.
947 273 1052 314 Liliis,
1080 273 1173 305 violis

255 318 408 358 perennis
433 320 552 359 gaudio
948 324 1108 361 coronata,
1136 322 1230 353 sertis

255 366 393 399 societas
419 373 586 406 permanet
947 369 1057 407 roseis,
1083 370 1253 408 purpureis

256 413 453 454 triumphato
478 415 606 454 zabulo,
947 416 1168 456 virginumque
1195 417 1328 451 choreis.

399 483 458 515 5C.
485 482 604 520 Rutila,
632 481 766 523 fulgida,

485 530 603 569 lueida,
629 530 813 571 splendida,

485 578 692 618 ingressaque
718 579 858 610 thalamo

487 625 628 658 laetatur
653 625 747 668 (felix
774 624 915 666 semper)
943 636 1012 658 cum
1038 626 1188 665 Domino,

159 691 218 726 6a.
254 691 341 731 Quae
366 695 442 725 ante
468 693 596 725 saecula
850 693 912 726 6b.
943 694 1085 731 Mellica,
1115 693 1230 731 dulcia,

253 741 413 780 promissa
439 739 543 772 fuerat
945 742 1094 781 hymnica
1121 742 1244 774 cantica

254 787 432 820 colentibus
459 788 629 821 Dominum
945 789 1140 822 modulando
1166 789 1314 829 Domino,

252 842 359 868 mente
384 845 466 876 pura
490 841 523 868 et
549 837 675 878 devota,
946 838 1013 878 regi
1039 845 1160 868 summo
1187 847 1245 877 per
1270 839 1406 881 saecula,

301 894 375 916 cum
400 883 552 917 claritate
992 884 1147 918 Alleluia.

232 970 320 1006 Trop.
349 979 402 998 ms.
430 971 639 998 Novaliciense
667 979 742 998 saen.
767 970 809 998 11.
851 971 921 998 cod.
943 971 1085 998 Oxonien.
1109 972 1208 998 Douce
1230 969 1293 998 222.
1316 987 1353 990 —
1373 971 1429 1004 5a,
1463 972 1474 1000 1

155 1005 246 1034 chori.
270 1023 306 1026 —
327 1008 410 1036 Nach
432 1007 475 1036 2a
496 1010 554 1036 und
576 1008 619 1037 2b
641 1010 680 1036 ist
700 1011 748 1036 ein
770 1016 790 1038 a
809 1009 976 1043 (Alleluia),
1005 1009 1078 1036 nach
1101 1008 1151 1041 5a,
1181 1009 1224 1037 5b
1246 1009 1304 1037 und
1325 1009 1365 1037 50
1387 1012 1434 1037 ein
1456 1018 1474 1039 ο

153 1043 332 1081 (generatio)
352 1049 552 1084 eingetragen.

500 1159 568 1190 459.
600 1159 642 1188 In
664 1159 854 1189 Nativitate
874 1159 1002 1189 Beatae
1024 1159 1068 1189 Μ.
1094 1159 1132 1189 V.

498 1241 526 1271 1.
555 1239 671 1270 Forma
695 1240 840 1278 specioso
865 1247 992 1277 sponso,

555 1295 668 1318 novem
695 1295 785 1326 quem
812 1288 845 1317 in
872 1287 960 1317 caelo

555 1334 684 1366 ordines
710 1335 877 1374 mirantur,

552 1381 767 1414 Adducemur
791 1381 858 1421 reqi
883 1381 1024 1421 virgines

546 1429 626 1470 post
650 1438 730 1471 eam,
756 1429 928 1469 proximae
953 1429 1031 1462 eius.

152 1498 212 1530 2a.
247 1497 297 1529 De
323 1497 459 1530 Davidis
485 1498 587 1537 stirpe
842 1496 904 1528 2b.
937 1496 1084 1527 Paritura
1109 1499 1212 1527 mater

245 1547 415 1588 progenita
441 1546 539 1585 regia,
938 1544 1052 1581 Iesum,
1080 1552 1187 1583 regem
1214 1543 1345 1584 gloriae,

151 1613 210 1646 3a.
245 1613 338 1645 Omni
363 1613 459 1645 laude
486 1613 592 1652 digna.
843 1611 904 1645 3b.
936 1611 1121 1650 Quicunque
1148 1611 1255 1643 devoti

245 1661 333 1701 virgo
360 1669 487 1700 semper
512 1661 628 1697 Maria,
937 1660 1148 1690 confiteantur
1174 1659 1243 1694 tibi.

549 1729 723 1768 offerentur
747 1728 806 1759 tibi
833 1726 867 1757 in
892 1726 1030 1761 laetitia.

227 1814 313 1850 Trop.
346 1823 398 1842 ms·
428 1814 667 1841 Emmeramense
699 1815 768 1840 anni
802 1810 958 1840 1024—36.
1007 1813 1079 1840 Clm.
1111 1813 1265 1840 Monacen.
1298 1810 1405 1839 14:322.
1440 1829 1473 1832 —-

149 1851 206 1885 2a‚
237 1851 251 1880 1
283 1852 416 1889 stripe(!).
441 1867 478 1871 —
504 1853 619 1880 Voraus
646 1852 717 1888 geht
744 1853 809 1879 eine
837 1852 1018 1878 Introductio
1048 1860 1114 1877 zum
1142 1852 1287 1879 Alleluia:
1316 1850 1472 1884 „Carmina

148 1891 320 1923 recolamus,
343 1893 398 1923 eia,
422 1892 485 1918 Deo
507 1891 634 1923 Christo,
655 1892 718 1926 regi
740 1899 863 1921 summo,
884 1892 929 1917 cui
952 1891 1054 1921 honor,
1076 1891 1168 1917 vii-tus
1191 1894 1219 1918 et
1240 1890 1394 1917 dulcisona
1415 1891 1472 1918 soli

148 1939 200 1967 per
221 1938 326 1958 aevum
347 1931 487 1965 competit
508 1928 708 1957 Alleluia“.

494 2042 562 2073 460.
594 2042 632 2072 In
654 2042 843 2073 Nativitate
865 2042 994 2073 Beatae
1016 2043 1062 2073 M.
1085 2043 1124 2073 V.

506 2125 522 2155 1
551 2122 674 2155 Mundo
699 2127 822 2163 gratum

552 2171 747 2202 Veneremur
773 2176 878 2204 ortum

602 2217 750 2261 Virginis,

551 2266 638 2305 Quae
662 2268 778 2306 regalis
803 2267 933 2300 seminis

505 2318 523 2349 5
551 2315 647 2348 Clara
671 2317 823 2356 progenie

554 2362 638 2395 Nata
664 2361 755 2395 fulsit
779 2363 885 2405 hodie,

603 2411 679 2442 Veri
703 2411 798 2451 plena
824 2412 963 2445 luminis.
