1653 2689
117 68 442 108 *hm-*ww
518 68 521 70 ’
647 105 696 111 -
744 86 815 122 363
865 106 906 112 —

471 183 490 215 5
517 181 634 215 Funde
659 191 772 224 preces
798 193 867 216 cum
895 183 961 216 filia

565 231 619 263 Ad
645 232 759 264 summi
784 233 888 273 patris
911 232 1010 265 filium

565 278 630 311 Pro
657 281 760 312 salute
785 279 939 314 fidelium.

188 369 278 398 Grad.
299 377 354 397 ms.
375 371 612 406 Augustinorum
633 381 708 400 saec.
734 373 777 400 15.
799 382 843 401 ex.
878 373 949 401 Cod.
970 375 1066 409 Capit.
1087 374 1302 411 Aquisgranen.
1324 376 1434 403 XXIX.

111 408 208 436 A.·—
229 407 316 436 Grad.
338 417 391 436 ms.
412 409 608 438 Murbaeense
630 419 704 439 saec¹
730 411 772 439 15.
814 412 885 440 Cod.
908 412 1084 440 Colmarien.
1104 410 1171 440 427.
1194 413 1228 440 Β.

531 542 599 572 764.
635 542 684 572 De
707 544 828 574 sancta
848 543 1016 575 Barbara.

344 629 502 671 Barbara,
528 631 620 671 virgo
644 632 709 671 pia,
736 636 912 672 martyrum
938 631 996 664 flos
1023 638 1054 664 et
1078 633 1219 671 lucerna,

344 678 408 710 Per
432 682 488 710 tua
513 679 677 719 praesidia
704 684 777 719 pete
802 680 893 711 nobis
920 690 1017 720 regna
1044 690 1193 720 superna.

187 763 272 792 Miss.
293 763 512 799 Rotomagense
533 764 604 800 imp.
625 765 751 791 Parisiis
774 762 856 791 1527.

547 896 615 926 765.
650 895 699 926 De
724 897 843 927 sancto
867 896 1000 927 Blasio.

112 983 172 1018 la.
209 985 235 1018 Ο
261 984 312 1017 vir
339 994 472 1026 magnae
499 985 679 1018 sanctitatis
805 985 865 1018 1b.
898 986 1013 1017 Omnes
1040 986 1098 1018 tibi
1127 985 1318 1019 famulantes

201 1032 245 1065 Et
272 1033 446 1065 immensae
471 1033 613 1075 pietatis,
900 1034 942 1065 Et
967 1042 1027 1072 per
1051 1043 1163 1065 aevum
1190 1039 1378 1066 venerantes

107 1100 168 1134 2a.
203 1098 256 1131 Ab
282 1098 400 1131 inferni
428 1102 620 1139 tempestate
801 1101 863 1132 2b.
898 1100 1016 1132 Libera
1042 1110 1109 1141 nos,
1139 1105 1262 1140 martyr
1289 1106 1408 1141 sancte,

203 1147 273 1179 Tua
298 1156 414 1187 magna
440 1151 601 1188 potestate
898 1147 941 1180 Ut
967 1148 1125 1189 possimus
1152 1149 1220 1180 Deo
1247 1150 1345 1181 dante

506 1216 537 1248 3.
566 1214 755 1247 Paradisum
783 1214 960 1255 possidere.

178 1299 263 1327 Miss.
286 1308 338 1326 ms.
361 1298 531 1327 Senoneuse
553 1308 628 1327 saec.
652 1297 696 1326 15.
742 1299 812 1327 Cod.
836 1300 960 1326 Pan-isin.
983 1297 1046 1327 880.
1069 1298 1094 1326 2.

534 1431 603 1462 ἲ66.
637 1431 685 1460 De
707 1432 831 1461 saneto
854 1431 1010 1462 Claudio.

105 1521 164 1555 la.
201 1519 349 1553 Gloriose
373 1521 502 1560 praesul
531 1519 662 1561 Christi,
797 1521 813 1553 1
829 1521 859 1552 b.
891 1522 962 1553 Duc
988 1529 1044 1552 nos
1071 1524 1184 1562 tecum,
1213 1530 1274 1560 quo
1300 1522 1396 1564 ivisti,

249 1567 373 1606 Claudi,
399 1568 449 1601 vir
474 1569 685 1610 sanctissime,
941 1570 1016 1601 Post
1043 1568 1206 1601 Christum
1233 1570 1389 1612 piissime,

505 1637 537 1669 2.
566 1637 738 1668 Intercede
764 1645 823 1676 pro
850 1639 959 1667 nostra

563 1685 766 1725 omniumque
792 1684 906 1718 salute.

177 1769 261 1834 {liss-
290 1778 342 1798 seu
370 1769 551 1798 Sacrament.
583 1771 742 1797 Aniciense
770 1771 839 1805 imp.
862 1770 999 1805 Lugduni
1024 1767 1106 1796 1527.
1127 1784 1164 1788 —
1189 1769 1247 1803 la,
1277 1768 1294 1797 2
1316 1771 1433 1798 Claudii

106 1816 177 1837 sanc
191 1817 302 1836 issime.

513 1903 580 1934 767.
613 1903 662 1933 De
684 1904 804 1934 sancto
826 1903 1023 1933 Francisco.

103 1995 119 2028 1
137 2003 166 2030 a.
203 1994 229 2028 O
255 1993 442 2033 Francisce‚
470 1994 525 2026 lux
551 1993 678 2033 solaris,
800 1993 863 2026 lb.
894 1993 943 2024 Tu
970 1993 1109 2033 sigillum
1137 1993 1250 2025 summi
1279 1993 1380 2033 ducis,

198 2041 361 2076 Cmeifixe
387 2042 573 2082 singularis.
894 2042 985 2080 Quod
1020 2042 1159 2081 signavit
1186 2042 1286 2074 clavis
1313 2043 1428 2074 erucis.

99 2113 160 2145 2a.
196 2110 310 2144 Crucis
335 2110 420 2142 lator
446 2109 610 2148 cordialis,
796 2108 858 2143 2b.
894 2109 1074 2148 Pauperum
1100 2113 1135 2140 tu
1160 2108 1358 2149 patriarcha,

196 2159 353 2197 Princeps
380 2164 506 2198 pugnae
531 2157 699 2197 spiritalis.
893 2157 1060 2189 eastitatis
1088 2166 1142 2188 vas
1170 2163 1201 2188 et
1226 2166 1312 2189 arca.

99 2229 161 2262 3a.
198 2225 300 2258 Latus
325 2224 445 2256 rubens
470 2232 554 2255 nova
579 2232 663 2263 rosa,
796 2223 860 2257 ab.
892 2224 969 2255 Post
995 2228 1026 2255 te
1051 2224 1151 2255 currit
1177 2227 1232 2256 tua
1258 2223 1368 2256 schola

197 2272 351 2306 Caritatis
376 2274 494 2310 textus,
521 2272 621 2312 glosa.
892 2271 981 2303 Pede
1007 2273 1103 2314 nuda,
1133 2272 1189 2304 vili
1215 2273 1307 2305 stola.

175 2359 261 2388 Miss.
275 2357 556 2386 Fontisebraldense
576 2357 645 2393 imp.
661 2357 787 2384 Parisiis
804 2355 887 2385 1606.
903 2371 940 2376 —-
954 2357 1020 2394 Vgl.
1037 2358 1089 2385 das
1104 2358 1278 2393 Reimgebet
1291 2358 1428 2393 gleichen

97 2399 250 2434 Anfanges
272 2397 321 2425 bei
341 2396 429 2429 Roth,
451 2396 502 2423 Nr.
523 2393 589 2422 34¹2.
