1653 2689
578 257 646 289 714.
679 258 718 288 In
738 256 937 289 sanctorum
956 231 1260 306 moestitias...
1288 232 1430 294 Ῥξᾶ-ϊῖῗζώ
1478 276 1482 285 .
1502 277 1508 285 .

469 338 603 370 Psallite
627 341 809 370 sanctorum
835 335 1006 376 praeconia
1032 335 1163 369 vocibus
1187 317 1292 378 audis,
1394 326 1398 331 ’

466 385 510 418 Et
534 385 714 424 iubilemus,
741 385 799 427 eia,
827 384 887 421 eia,
1481 420 1485 421 .

550 431 612 460 Vox
631 431 664 459 in
684 430 786 460 Rama
807 428 915 458 audita
935 431 987 464 est,
1004 428 1147 466 ploratus
1167 429 1194 457 et
1213 426 1351 457 ulutatus
1371 430 1427 457 ete.

313 510 400 544 Trop.
427 517 479 535 ms.
507 509 699 536 Martialense
726 515 802 535 saec.
833 505 877 534 10.
919 506 989 536 Cod.
1018 506 1145 534 Pan-isin.
1170 502 1251 533 1084.
1271 504 1307 532 A.
1327 518 1365 524 —
1384 504 1474 539 Trop.
1499 511 1555 532 mu.

234 547 426 575 Martialense
447 555 521 574 saec.
547 546 589 574 11.
624 546 694 574 Cod.
715 546 842 574 Parisin.
865 543 929 572 909.
951 545 983 572 C.
1006 561 1040 565 -—
1062 545 1150 580 Trop.
1171 552 1224 571 ms.
1244 543 1456 571 Moissiacense
1477 549 1554 570 saec.

239 585 282 613 11.
317 585 387 614 Cod.
409 585 535 614 Parisin.
556 585 652 612 Nouv.
673 593 736 620 aeq.
761 582 842 611 1871.
867 583 899 611 C.
921 598 959 602 —-·
979 583 1068 620 Trop.
1090 591 1143 611 ms.
1165 581 1194 610 S.
1216 582 1317 610 Aradii
1330 580 1554 610 Lemovicennis

237 630 321 651 saec-⁷
343 623 387 652 11.
427 623 496 651 Cod.
525 624 651 650 Pan-isin.
679 621 744 650 903.
774 622 810 649 D.
831 637 866 640 —
893 621 982 657 Trop.
1010 631 1062 649 ms.
1091 621 1120 649 S.
1147 620 1306 656 Augustini
1333 619 1554 648 Lemovioensis

236 671 312 689 saec.
346 661 388 690 11.
429 661 499 689 Cod.
527 662 653 688 Parisin.
683 660 764 689 1119.
792 660 828 687 Ε.
851 675 889 679 -
908 660 996 696 Trop.
1024 669 1076 687 ms.
1098 659 1386 695 Sammaglorianum
1409 665 1486 686 saec.
1508 654 1554 684 12.

239 700 309 727 Cod.
324 701 451 728 Parisin.
476 697 510 727 13
518 697 582 726 252.
597 701 629 728 F.
643 714 681 718 —
694 701 781 734 Trop.
802 707 855 726 mS.
873 699 1079 726 Wintoniense
1093 706 1170 725 saec.
1187 695 1230 726 10.
1245 706 1289 725 ex.
1324 696 1395 725 Cod.
1410 695 1555 725 oxonien.

238 739 321 765 Bodl.
341 738 406 766 775.
428 737 462 765 G.
483 754 519 757 ›—
543 738 630 773 Trop.
659 747 711 765 ms.
732 737 938 765 wintoniense
965 745 1039 764 saec.
1064 736 1106 764 11.
1148 735 1219 764 Cod.
1241 735 1315 763 0011.
1336 735 1423 771 Corp.
1444 733 1556 762 Christi

403 779 457 803 'en.
487 775 552 804 473.
580 777 618 803 H.
646 792 682 796 —-
705 777 793 810 Trop.
821 784 873 802 ms.
900 775 1108 803 Glastoniense
1127 772 1384 807 (2Cantuariense)
1409 781 1485 801 saec.
1509 769 1554 800 11.

237 777 424 847 εοὲῃῖἓῗηὲ)
461 814 532 842 eod.
553 815 716 842 Londinen.
737 814 832 850 Calig.
853 814 878 840 A
900 813 980 840 XIV.
1002 814 1027 840 1.
1048 827 1084 833 —
1108 811 1121 840 1
1143 812 1266 840 vocibus
1288 813 1335 840 eia
1354 811 1438 846 (statt
1457 809 1556 846 almis)

234 853 294 880 BE.
318 868 355 872 —
377 851 396 881 2
416 852 488 880 fehlt
507 853 540 880 B.
562 869 597 872 -—
619 851 637 880 2
657 854 703 880 eia
723 852 846 880 dreimal
867 853 911 885 H;
933 852 1092 879 iubilemus
1113 850 1159 877 illi
1181 851 1228 878 eia
1247 850 1285 878 D.

578 974 644 1005 715.
678 975 716 1004 In
737 975 936 1004 sanctorum
958 972 1205 1004 Innocentium.

421 1053 531 1085 Sancti
557 1054 712 1086 Ieremiae
737 1053 883 1085 recinunt
910 1053 989 1084 haec
1015 1052 1103 1085 dicta
1125 1051 1315 1092 prophetae,

471 1101 636 1132 Ecclesiae
661 1101 750 1141 signo
777 1109 846 1131 cum
874 1101 972 1140 dolet,
999 1109 1084 1139 ecce,
1110 1099 1252 1131 Rachel:

569 1145 634 1174 Vox
654 1146 685 1173 in
709 1145 808 1174 Rama
830 1144 937 1174 audita
959 1147 1010 1179 est,
1026 1145 1169 1182 ploratus
1189 1147 1216 1173 et
1236 1144 1376 1173 ululatus
1399 1147 1453 1173 ew.

311 1223 399 1258 Trop.
426 1231 479 1249 ms.
506 1224 696 1251 Martialense
723 1231 798 1251 saec.
830 1221 872 1250 10.
913 1223 984 1251 Cod.
1017 1223 1144 1251 Parisin.
1168 1219 1250 1250 1084.
1271 1222 1306 1249 A.
1326 1236 1365 1241 ——
1383 1222 1473 1256 Trop.
1500 1227 1554 1246 ms.

236 1261 427 1288 Martialense
453 1269 528 1288 saec.
558 1260 599 1288 11.
628 1263 667 1288 in.
711 1261 779 1289 Cod.
800 1261 927 1288 Parisin.
955 1259 1035 1289 1121.
1056 1262 1091 1289 B.
1111 1275 1149 1278 —
1168 1260 1257 1296 Trop.
1285 1269 1338 1287 ms.
1361 1257 1554 1288 Martialense

237 1307 312 1325 saec.
336 1298 379 1326 ll.
417 1299 487 1326 Cod.
509 1299 635 1326 Parisin.
657 1298 722 1327 909.
744 1301 775 1327 C.
796 1315 833 1319 —
854 1300 941 1334 Trop.
963 1309 1015 1326 ms.
1037 1300 1066 1328 S.
1089 1299 1211 1327 Martini
1232 1299 1455 1326 Lemovieensis
1476 1304 1554 1324 saec.

241 1335 283 1363 11.
325 1336 394 1364 cod.
414 1336 542 1364 Parisin.
563 1335 627 1364 887.
650 1338 685 1365 D.
708 1353 743 1356 —
769 1337 778 1363 1
804 1338 912 1364 Sancta
932 1338 996 1369 AD,
1019 1338 1126 1365 Sancte
1148 1337 1180 1364 C.

586 1458 653 1489 716.
683 1459 721 1488 In
742 1459 938 1489 sanctorum
958 1458 1204 1488 Innocentium.

469 1536 531 1568 Pro
553 1537 695 1569 subolum
722 1537 807 1569 tristi
834 1536 1005 1569 deflentum
1032 1536 1144 1569 funere
1168 1542 1302 1568 matrum

542 1581 607 1611 I'ooe
627 1582 659 1610 in
679 1581 779 1611 Rama
800 1581 910 1610 audita
933 1585 984 1616 est,
1005 1581 1146 1619 ploratus
1167 1585 1193 1610 et
1213 1581 1352 1612 ululatus
1374 1588 1428 1612 etc.

314 1661 401 1696 Trop.
430 1668 482 1686 ms.
510 1660 714 1688 Wintoniense
741 1668 815 1688 saec.
846 1658 889 1687 10.
917 1669 961 1688 ex.
1003 1661 1074 1688 Cod.
1104 1661 1248 1688 Oxonien.
1269 1661 1355 1688 Bodl.
1377 1660 1440 1688 775.
1461 1660 1496 1688 A.
1518 1675 1555 1680 —

235 1699 328 1734 Trop.
349 1707 402 1725 ms.
423 1697 630 1725 wintoniense
650 1707 727 1726 saec.
749 1697 793 1726 11.
827 1698 898 1726 cod.
920 1699 994 1726 Con.
1016 1700 1103 1734 Corp.
1124 1698 1236 1726 Christi
1250 1699 1473 1736 Cantabrigien.
1487 1697 1555 1727 473.

240 1738 272 1763 B.
301 1751 337 1755 —
363 1737 450 1771 Trop.
480 1745 532 1763 ms.
559 1737 764 1764 Glastoniense
790 1735 1046 1770 (?cantua1·iense)
1072 1745 1138 1764 saec
1176 1736 1219 1764 11.
1247 1747 1291 1765 ex.
1316 1739 1357 1771 (et
1384 1736 1440 1770 12.)
1483 1737 1555 1766 Cod.

238 1775 401 1802 Londinen,
433 1774 527 1810 Calig.
558 1776 582 1801 A
613 1775 691 1802 XIV.
723 1777 755 1802 C.
786 1789 823 1793 —
853 1775 940 1810 Trop.
972 1784 1024 1803 ms.
1055 1775 1249 1803 vedastinum
1281 1784 1356 1804 saec.
1389 1775 1434 1804 11.
1483 1775 1555 1804 eod.

236 1814 426 1841 Cameracen.
448 1810 484 1839 76
503 1811 568 1846 (75).
589 1813 626 1840 D.

588 1935 654 1966 717.
686 1936 724 1965 In
745 1936 940 1966 sanctorum
960 1936 1206 1967 Innocentium.

424 2013 605 2046 Laudemus
631 2015 810 2054 Dominum,
836 2023 952 2054 pueros
977 2024 1165 2048 veneremur
1190 2019 1221 2048 et
1245 2017 1334 2057 ipsos

472 2064 577 2102 Atque
601 2063 849 2102 proclamemus:
876 2063 947 2106 Eia,
975 2065 1035 2105 eia,
1062 2064 1121 2103 eia,

547 2107 613 2136 Vox
634 2108 665 2136 in
686 2108 787 2138 Rama
808 2107 914 2137 audita
935 2111 978 2137 est
1000 2114 1053 2138 ete.

315 2186 402 2221 Trop.
425 2193 476 2212 ms.
497 2185 690 2213 Vedastinum
711 2194 787 2214 saec.
811 2185 854 2214 11.
895 2187 966 2214 Cod.
987 2187 1175 2215 Cameracen.
1197 2187 1234 2216 76
1252 2187 1320 2224 (75).

563 2308 628 2339 718.
662 2309 700 2339 In
722 2309 833 2341 sancti
854 2310 1016 2342 Iohannis
1038 2311 1233 2350 Baptistae.

516 2387 622 2421 Corda
645 2395 772 2430 patrum
797 2390 882 2422 natis
907 2391 1034 2423 socians
1058 2392 1179 2424 virtute
1202 2390 1292 2431 fidei,

582 2436 646 2469 Eia,
669 2435 696 2464 T
697 2445 724 2469 u,
741 2444 828 2472 puer,
845 2435 997 2472 propheta
1019 2436 1165 2466 altissimi
1183 2435 1336 2466 vocaberis
1356 2440 1411 2466 otc.
