1653 2689
256 233 290 264 6.
331 233 412 269 Iesu,
441 239 500 272 per
525 234 556 261 te

378 279 478 311 Video
504 279 588 318 quod
615 279 728 310 ianuae

329 327 401 359 Sint
425 330 567 367 apertae.

376 376 443 407 lam
469 375 499 405 in
526 374 595 406 loco
622 383 759 414 pascuae

333 423 407 454 Post
432 423 540 454 finitae

330 472 463 504 Cursum
492 470 574 501 vitae

378 519 430 550 Me
457 518 623 550 constitue.

330 566 458 598 Totiens
486 565 654 596 lacessitae

376 615 501 645 Mentes
525 614 587 644 sint
611 613 714 644 laetae

329 662 404 693 Post
431 661 583 692 dolorem.

375 710 440 740 Iani
468 709 624 747 complete

328 757 362 787 In
389 757 433 787 eis
463 760 533 795 post
560 755 700 787 laborem

375 805 526 835 Athletae

783 132 1040 168 —252—

1353 115 1598 162 unm-W.

1337 160 1341 163 ι
1408 139 1455 165 “1⁴⁵⁴
1500 160 1514 168 ,
1529 145 1598 173 4⁹⁴⁶?

1461 163 1525 178 ,ζμ

948 230 980 262 9.
1017 229 1068 262 Ne
1092 232 1214 262 statuas
1240 230 1269 262 ei

944 659 996 691 10.

1087 277 1158 309 Hoc
1182 287 1242 318 pro
1267 279 1418 318 crimine;

1040 325 1164 358 Memor
1189 331 1258 358 esto
1283 327 1331 359 rei

1088 373 1126 405 In
1153 373 1347 408 discrimine.

1041 420 1265 462 Convertatur,
1292 422 1439 461 Domine,

1039 469 1098 500 Vir
1122 470 1309 510 sanguinum
1331 480 1350 503 a
1375 471 1540 513 sanguine,

1040 516 1089 548 Ne
1115 517 1226 549 ruinae

1038 565 1163 598 Tradas
1190 574 1260 597 eum
1285 566 1322 598 in
1347 565 1422 598 fine.

1036 659 1106 692 Cito
1132 660 1286 692 miserere

1035 707 1168 748 Misero,
1194 717 1234 740 ne
1260 709 1374 740 misere

1085 755 1188 787 Possit
1215 757 1348 788 interire

1084 804 1192 835 Poena
1218 805 1329 836 mortis
1356 803 1447 836 dirae

327 852 395 883 Tuo
423 853 463 883 da
488 851 593 890 quiete
1084 851 1120 881 ln
1148 851 1259 883 diebus
1284 852 1361 884 irae.

374 900 452 931 Frui
479 902 520 931 te.
1038 897 1204 929 Neminem
1232 900 1278 930 vis
1304 899 1452 940 perdere,

258 966 288 999 7·
326 965 423 997 Dona
448 965 609 1004 stipendia
1038 946 1102 978 Sed
1129 955 1315 978 conversum
1339 948 1465 986 vivere3

374 1014 440 1044 Iam
467 1014 609 1052 emerito,

327 1060 446 1092 Stolam
474 1069 543 1091 cum
570 1061 682 1100 gloria,

374 1109 435 1140 Pro
462 1108 575 1147 quibus
600 1109 712 1141 milito.

323 1155 391 1186 Illis
417 1160 451 1186 ut
478 1156 569 1187 venia

371 1203 443 1234 Fiat
470 1202 588 1242 flagito,

323 1250 435 1290 Neque
458 1251 616 1290 supplicia

371 1299 435 1330 Des
461 1307 519 1337 pro
545 1299 667 1330 merito.

324 1365 516 1396 Misericors
542 1365 638 1406 Deus,

371 1414 471 1444 Parce
497 1413 621 1451 sceleri,

324 1459 436 1490 Nescit
462 1460 553 1490 honio
579 1469 651 1491 reus

371 1508 480 1540 Scelus
506 1507 586 1541 fieri,

1036 994 1073 1025 In
1100 994 1221 1026 scelere

1083 1041 1213 1073 Nullum
1241 1042 1287 1074 vis
1313 1042 1430 1084 perire,

1035 1089 1099 1121 Sed
1125 1089 1268 1131 diligere,

1035 1136 1175 1168 Credere

1081 1184 1126 1215 Te
1152 1185 1308 1218 misereri.

1034 1231 1121 1270 Quae
1148 1233 1288 1264 commisi
1315 1242 1362 1274 re,

1035 1280 1131 1311 Flere
1158 1280 1199 1311 da
1225 1281 1358 1321 sincere,

1037 1327 1119 1358 Vere
1143 1329 1319 1371 paenitere,

1034 1374 1116 1406 Fide
1143 1376 1282 1417 placere,

1034 1422 1097 1461 Spe
1124 1422 1259 1457 fervere.

646 1575 736 1606 Deus
761 1585 861 1615 meus,
888 1575 1015 1608 salvum
1041 1584 1091 1607 me
1115 1577 1169 1615 fac

640 1625 776 1663 propter
803 1623 1073 1656 misericordiam.

251 1689 304 1720 11.
342 1689 393 1720 Tu
420 1687 532 1719 deitati

392 1744 519 1767 carnem
545 1736 651 1778 unisti,

345 1784 394 1816 Tu
419 1792 478 1823 pro
504 1792 552 1814 me
579 1784 646 1823 pati

393 1831 586 1863 Sustinuisti.

345 1878 446 1910 Nemo
472 1882 561 1910 tanta
588 1879 657 1911 fieri

390 1927 499 1958 Potest
525 1929 710 1969 promereri,

344 1973 407 2005 Sed
434 1978 468 2005 tu
494 1975 583 2005 cordi
609 1976 716 2006 miseri

392 2021 442 2053 Da
468 2022 734 2056 misericordiam.

939 1690 993 1723 12.
1030 1690 1082 1721 Tu
1108 1700 1166 1730 pro
1193 1700 1242 1722 me
1268 1693 1349 1723 mori

1081 1738 1153 1769 Non
1179 1739 1344 1774 horruisti.

1032 1785 1138 1818 Reddi
1165 1785 1267 1819 favori

1079 1834 1162 1873 Quid
1189 1835 1274 1866 valet
1299 1834 1377 1867 isti?

1033 1881 1122 1913 Nihil
1148 1886 1255 1922 potest
1278 1883 1402 1916 muneri

1081 1929 1184 1962 Tanto
1209 1940 1270 1970 par
1294 1932 1428 1966 censeri.

1033 1977 1120 2008 Tuae
1145 1987 1256 2010 manus
1283 1981 1373 2020 operi

1080 2025 1131 2057 Da
1156 2027 1413 2060 misericordiam

623 2090 676 2121 13.
714 2091 765 2122 Tu
791 2095 892 2123 morte
916 2091 1011 2122 morti

750 2138 888 2170 Mortem
916 2139 1052 2179 dedisti3

708 2185 844 2218 Tartara
870 2185 945 2218 forti

753 2233 854 2265 Manu
878 2233 1012 2273 fregisti.

704 2280 777 2311 Iure
803 2281 851 2312 sui
876 2281 983 2312 meriti

751 2327 852 2360 Nemo
878 2331 984 2368 potest
1009 2330 1087 2370 niti3

705 2374 792 2414 Ergo
817 2379 870 2407 tuo
896 2376 990 2407 militi

749 2422 799 2454 Da
825 2423 1093 2458 misericordiam.
