1653 2689
0 0 299 131 μ’ῐῗῖῖπῑιφίξνιυ
348 86 350 89 ,

11 106 72 154 Ἆῤ..
107 102 132 125 {M
166 108 210 140 ’ΣΤ
243 104 271 112 Η
659 120 706 127 -·
758 101 823 138 151
875 122 922 128 ,-

130 197 261 227 Parisin.
283 193 367 224 1119.
387 195 424 224 E.
444 212 483 216 —
506 195 520 225 1
542 198 640 226 Iesum
661 197 696 225 A.
710 213 749 218 —
762 196 781 226 2
801 199 920 226 insania
940 200 1070 227 futurum
1084 199 1118 227 B.
1133 214 1170 218 —
1185 198 1202 227 3
1223 201 1295 229 fehlt
1315 202 1453 230 01313.-

131 235 150 266 3
169 235 256 280 ἙῚιιὉο
273 235 357 281 aiens
384 238 414 262 et
434 244 518 264 sume
536 237 570 269 A,
591 237 686 275 Farea
706 240 794 279 geset·
809 246 921 265 summe
943 239 979 271 Βς
1007 237 1084 271 (zum
1105 238 1265 273 Imperativ
1287 240 1379 275 „fare-²
1403 242 1455 270 cfr.

131 273 291 304 Porcellim
319 282 341 301 s.
367 282 395 301 v,
424 273 526 320 ,βω-Ὅ..
546 289 584 320 .-
611 270 735 320 llberan
761 275 964 310 anenreim3
993 277 1084 304 daher
1112 276 1188 304 wohl
1216 278 1270 304 mit
1296 279 1389 306 Recht
1414 282 1455 308 im

130 314 205 342 Vere
225 309 243 340 3
271 312 419 348 „summe“
442 313 605 350 korngiert
627 322 656 340 m
682 312 840 348 „summo“.

558 447 629 477 350.
660 445 699 475 In
721 446 832 476 sancti
854 445 1034 484 Stephani.

246 535 277 569 1.
306 533 434 566 Summe
460 538 546 566 tuum
574 536 726 576 princeps
753 544 865 566 nomen
893 537 976 576 quia,
1005 537 1143 575 Christe,
1172 535 1308 577 fatebar,

360 578 483 608 Etenim
504 579 646 610 sederunt
662 580 822 616 principes
843 584 867 609 et
888 580 1049 610 adversum
1070 590 1112 610 nic
1132 580 1342 617 loquebantur,

240 621 272 654 2.
299 619 369 652 Nec
393 624 501 653 tamen
527 623 660 662 accepto
686 622 775 661 potui
801 625 926 653 terrore
951 623 1091 661 moveri;

361 668 387 694 et
407 666 508 703 iniqui
527 666 680 704 persecuti
701 669 774 694 sunt
796 676 837 694 me

242 707 274 739 3.
301 706 338 738 In
364 710 498 749 tantum,
528 712 562 740 ut
587 707 732 748 lapidum
757 711 940 747 premerent
965 717 1015 740 me
1041 708 1123 740 mole
1149 718 1295 748 suorum3

361 751 478 781 adiuva
498 762 552 789 me,
573 752 707 782 Domine
727 752 812 781 Deus
836 762 927 785 meus,

242 794 273 826 4.
300 795 408 833 Atque
434 794 506 826 istis
532 795 695 831 miserere,
723 803 848 834 precor,
876 794 1062 834 peccamina
1089 794 1210 835 laxans,

361 839 435 875 quia
456 847 561 869 servus
583 843 655 869 tuus
677 839 868 868 eoeereebatur
890 840 925 868 in
946 840 1007 869 tuis
1030 839 1310 875 iustificationibus.

207 925 296 960 Trop.
324 935 375 953 ms.
403 927 654 962 Moguntinum(?)
680 928 750 953 anni
777 925 920 954 955—62.
962 928 1031 954 Cod.
1060 927 1222 955 Londinen.
1247 928 1320 954 Add.
1346 927 1453 956 19768.

131 965 166 993 A.
192 979 229 983 —
257 964 345 999 Trop.
372 973 423 991 ms.
447 965 476 992 S.
498 966 612 993 Arnulfi
634 965 775 992 Metensis
804 974 879 993 saec.
912 964 953 992 12.
977 967 1016 993 in.
1058 966 1127 994 Cod.
1148 966 1255 992 Meten.
1279 965 1342 993 452.
1365 968 1397 993 B.
1419 981 1457 986 —-

132 1003 219 1038 Trop.
246 1011 299 1030 ms.
324 1003 545 1038 Epternacense
573 1012 649 1031 saec.
684 1002 728 1030 12.
773 1004 844 1030 Cod.
872 1005 998 1031 Pax-isin.
1030 1002 1135 1032 10510.
1163 1004 1195 1031 C.
1224 1019 1258 1022 —
1286 1005 1373 1040 Trop.
1402 1015 1454 1032 ma.

132 1041 340 1069 Glastoniense
361 1041 384 1073 (ἱ)
394 1042 620 1076 Cantuariense)
648 1050 723 1069 saec.
748 1040 791 1068 11.
814 1051 857 1069 ex.
879 1042 919 1073 (et
941 1041 995 1075 12.)
1035 1043 1105 1070 Cod.
1125 1042 1288 1069 Londinen.
1311 1043 1405 1078 Calig.
1427 1045 1454 1070 A

131 1079 209 1108 XIV.
238 1080 274 1106 D.
296 1095 333 1098 —
360 1081 448 1115 Trop.
481 1090 532 1108 ins.
561 1082 722 1108 Casinense
753 1089 828 1107 sace.
858 1079 901 1107 12.
930 1082 968 1107 in.
1011 1081 1082 1108 Cod.
1106 1081 1243 1107 Casinen.
1269 1080 1333 1108 546.
1362 1081 1395 1108 E.
1419 1096 1455 1100 —

130 1118 204 1146 Vers
237 1116 249 1144 l
281 1118 375 1145 lautet
402 1119 432 1145 in
454 1119 495 1146 E:
524 1120 690 1147 Servieram
718 1118 816 1145 viduis
843 1127 957 1145 necnon
985 1119 1120 1146 fidelibus
1142 1119 1236 1146 almis.
1258 1134 1295 1137 —
1315 1120 1332 1146 ὅ
1354 1120 1456 1155 Usque

135 1157 206 1184 adeo
233 1160 265 1183 ut
289 1156 420 1192 lapidum
450 1158 475 1184 A
501 1156 666 1190 (vielleicht
693 1157 745 1184 das
772 1156 929 1192 Riclitige).
951 1173 987 1175 —
1014 1158 1076 1184 Aue
1104 1157 1129 1184 E
1158 1158 1197 1183 ist
1225 1157 1321 1184 dieser
1340 1158 1456 1193 Tropus

136 1197 211 1223 samt
230 1195 359 1223 Melodie
381 1196 540 1231 mitgeteilt
561 1198 590 1223 in
612 1197 663 1223 der
684 1196 837 1231 Rassegna
859 1196 1050 1231 Gregoriana,
1076 1194 1156 1226 1893,
1180 1205 1205 1230 p.
1228 1194 1253 1221 7.

487 1327 557 1358 351.
590 1328 627 1357 In
650 1327 850 1356 Inventione
873 1336 901 1356 s.
925 1326 1102 1364 Stephani.

331 1442 337 1449 .
365 1416 432 1448 Nos
461 1417 549 1448 sinus
574 1416 729 1448 ecclesiae
755 1415 867 1447 laudes
894 1414 1028 1447 ferendo
1055 1425 1221 1447 canamus:

444 1461 643 1490 Gaudeamus
665 1469 766 1489 omnes
788 1461 822 1488 in
841 1459 984 1494 Domino,

363 1503 406 1536 Os
434 1507 466 1535 et
490 1503 702 1543 apostolicum
729 1501 841 1533 reboat
867 1502 912 1533 sic
938 1511 1066 1542 semper
1091 1502 1259 1543 agendum,

439 1548 516 1577 diem
537 1549 648 1585 festam
669 1546 846 1575 celebrantes

362 1589 406 1621 Et
432 1590 546 1622 laudes
573 1588 685 1621 humili
711 1597 894 1620 resonemus
921 1592 1027 1620 mente
1054 1588 1177 1621 tonanti

443 1635 499 1664 sub
521 1635 633 1664 honore
654 1633 732 1662 beati
754 1632 912 1670 Stephani,

364 1676 424 1715 Qui
451 1676 558 1708 studio
585 1675 703 1707 celebri
732 1675 848 1706 meruit
872 1675 936 1706 iam
963 1676 1105 1715 praemia
1132 1675 1232 1714 regni,

441 1721 476 1751 (le
502 1722 590 1750 euius
613 1720 786 1750 inventione
805 1719 940 1757 (Jamlent
963 1721 1063 1758 anyeli

329 1790 336 1798 .
365 1763 507 1795 Vocibus
540 1762 674 1794 alternis
699 1762 874 1801 psallentes
901 1761 1132 1802 cunctipotenti

442 1811 468 1836 et
489 1807 667 1837 collaudant
687 1806 783 1843 filium
805 1806 872 1834 Dei.

303 1418 337 1796 mesae-d

213 1897 301 1932 Trop.
323 1906 376 1924 ms.
398 1897 427 1924 S.
449 1896 564 1924 Arnulfi
584 1895 729 1923 Metensis
751 1903 826 1922 saec.
850 1893 894 1921 12.
917 1896 956 1922 in.
999 1895 1068 1922 Cod.
1091 1895 1199 1921 Meten.
1220 1892 1285 1920 452.
1308 1908 1344 1911 —
1366 1888 1458 1921 Uber-

137 1935 238 1963 schrift
259 1936 345 1972 iri-ig:
370 1936 422 1969 „In
444 1934 582 1968 Natalffl)
603 1944 624 1961 s.
647 1933 789 1969 Stephani
812 1932 1068 1968 protomartyris“;
1096 1932 1146 1959 der
1168 1932 1251 1959 Platz
1273 1932 1322 1959 des
1343 1933 1458 1967 Tropus

133 1975 173 2002 ist
203 1983 256 2001 vor
279 1973 379 2009 jenem
407 1974 461 2001 auf
486 1974 538 2001 das
568 1974 637 2001 Fest
663 1972 714 1999 des
741 1972 780 1998 hl.
808 1972 997 1999 Laurentius.
1024 1986 1062 1990 —-
1089 1971 1155 2006 vgl.
1181 1971 1238 1998 den
1265 1972 1379 2006 Tropus
1405 1972 1458 1998 mit

132 2013 263 2050 gleicher
284 2013 468 2040 Introductis)
491 2012 544 2039 auf
562 2011 784 2046 Allerheiligen.

556 2144 625 2176 35⁶2.
658 2144 698 2174 In
719 2144 831 2175 sancti
854 2143 1035 2174 swithuni.

249 2237 280 2269 1.
307 2235 404 2277 Ecce,
432 2238 588 2275 patronus
614 2233 711 2267 adest
737 2234 860 2265 meritis
886 2234 1047 2274 signisque
1075 2231 1248 2273 refulgens,

355 2283 405 2315 De
431 2292 493 2323 quo
520 2282 723 2315 dulcisonum
749 2286 901 2322 personat
927 2281 1091 2315 officium:

403 2327 519 2358 Statuit
539 2328 566 2356 ei
585 2327 739 2357 Dominus
760 2329 969 2356 testamentum
987 2328 1086 2364 pacis,

247 2372 279 2404 2.
307 2369 399 2412 Quod
425 2373 554 2402 maneat
579 2368 684 2402 solido
711 2368 836 2400 firmum
863 2377 922 2409 per
947 2369 1074 2400 saecula
1100 2371 1207 2410 pacto,

401 2418 427 2445 et
443 2414 615 2452 principem
635 2414 704 2452 fecit
724 2423 790 2443 eum
