1653 2689
669 88 929 125 -265—

591 211 662 244 506.
691 213 731 243 In
751 212 849 243 unius
869 211 1033 248 Virginis.

731 303 763 335 1.
790 302 913 334 Psallat

153 369 214 402 22.
250 367 360 401 Turba
386 368 502 400 devota
529 368 658 401 Christo
844 369 906 402 2b.
940 369 1027 408 Quae
1052 369 1117 400 suis
1142 369 1329 410 sequacibus

248 416 348 448 melos
374 419 470 457 atque
497 420 591 449 canat
617 416 711 448 dulce
938 417 1071 449 salutem
1100 421 1318 458 competenter
1344 416 1375 448 in

247 463 380 504 virginis
937 464 1072 497 excelsis

249 515 395 544 sacratae
421 511 589 544 celebrans
939 513 1098 545 condonat
1125 517 1290 544 aeternam

250 558 391 592 officium
418 559 535 592 natalis
939 561 1190 601 angelorumque
1217 560 1330 601 dignos

249 607 374 645 summi,
400 615 462 648 quo
487 607 663 647 processit;
938 607 1016 640 facit
1044 610 1219 648 consortio,

250 655 344 687 simul
372 655 458 688 dicat
938 656 992 687 ubi
1018 656 1144 696 plaudit

251 703 348 735 corde
373 702 477 735 fideli:
937 708 1032 744 atque
1058 705 1193 736 resultat

298 750 334 787 O.
362 760 461 791 quam
481 750 624 791 pulchra
650 754 704 793 est,
986 754 1075 784 casta
1099 752 1275 793 yeneratio.

495 818 527 850 3.
556 817 720 857 Virginum
749 821 895 849 coruscat
919 817 1034 849 chorus

556 868 630 896 ante
657 865 758 896 Deum
785 874 912 905 semper
939 867 1068 898 vocibus

557 912 692 955 decoris,

560 968 679 999 nosque
706 968 852 1000 rogemus

555 1009 765 1047 incessanter,
793 1012 826 1039 ut
852 1018 910 1049 pro
939 1010 1055 1040 nostris

557 1055 736 1087 intercedat

558 1103 668 1135 sedule
696 1103 821 1135 delictis

605 1160 675 1183 cum
706 1151 865 1183 claritate.

235 1247 323 1282 Trop.
351 1255 404 1272 ms.
426 1246 649 1274 Nonantulense
678 1254 754 1273 saec.
779 1244 823 1272 11.
854 1247 892 1272 in.
939 1246 1008 1273 Cod.
1031 1247 1154 1273 Roman.
1181 1246 1252 1272 Vitt.
1276 1245 1379 1273 Eman.
1404 1244 1476 1273 1:343

149 1284 274 1317 (Sessor.
297 1282 352 1316 62).
375 1284 407 1311 Α.
431 1300 467 1304 —-
491 1285 569 1319 Trop
606 1292 659 1310 ms.
682 1284 903 1311 Nonantulense
926 1293 1001 1311 saec.
1028 1282 1071 1310 11.
1114 1285 1184 1312 Cod.
1206 1284 1369 1311 Bononieu.
1391 1282 1475 1311 2524.

150 1323 185 1351 B.
214 1337 253 1342 —
283 1323 371 1357 Trop.
403 1332 456 1350 ms.
488 1322 711 1349 Nonantulense
743 1330 816 1349 saec.
851 1322 894 1349 11.
942 1320 1010 1349 Cod.
1043 1323 1155 1349 Roman
1195 1322 1372 1349 Casanaten.
1403 1321 1472 1349 1741

149 1359 183 1394 (C
205 1362 247 1389 IV
268 1359 306 1388 2).
329 1360 360 1388 C.
382 1375 420 1379 —
440 1360 527 1396 Trop.
551 1370 602 1387 ms.
625 1367 648 1387 s.
670 1360 821 1387 Benedicti
843 1361 998 1388 Mantuani
1023 1369 1098 1388 saec.
1123 1360 1166 1388 11.
1207 1361 1277 1387 Cod.
1300 1361 1397 1396 Capit.
1419 1361 1475 1387 Ve-

151 1408 252 1427 ronen.
276 1399 357 1428 CVII
377 1397 464 1433 (100).
479 1399 515 1425 D.
531 1413 569 1417 —
590 1397 647 1430 2b‚
669 1397 687 1425 4
708 1402 827 1426 aeterna
842 1399 903 1426 BD.
918 1413 955 1417 —
970 1397 1022 1432 2b,
1049 1398 1060 1426 1
1077 1399 1171 1432 Quem
1187 1399 1222 1426 D.
1240 1415 1274 1418 —
1291 1397 1343 1430 21).
1366 1397 1383 1425 6
1405 1408 1475 1425 con—

150 1439 243 1465 sortia
259 1439 321 1465 BD.
345 1452 379 1456 —
396 1452 433 1456 —
448 1434 501 1467 2b,
525 1436 540 1463 7
563 1436 685 1473 plaudat
704 1437 789 1468 ABC,
812 1437 952 1472 plaudent
974 1438 1008 1464 D.
1031 1451 1068 1456 —-
1089 1436 1114 1469 3,
1138 1437 1155 1464 5
1178 1439 1366 1465 incensanter
1388 1438 1419 1464 Β.
1439 1452 1476 1455 —-

148 1476 228 1504 Titel
251 1478 281 1504 in
298 1476 336 1504 A:
361 1476 471 1511 „Prosa
491 1475 526 1503 de
547 1475 678 1502 Alleluia
699 1476 724 1503 O
745 1483 851 1510 quam
876 1473 1068 1511 pulchra.“

531 1608 600 1638 507.
633 1607 670 1636 Iu
692 1608 887 1638 sanctarum
909 1607 1098 1644 virginum.

493 1699 522 1729 1.
549 1697 629 1737 Quia
657 1696 841 1736 concupivit

557 1744 669 1776 Vultus
695 1754 751 1776 rex
778 1744 917 1777 decorem

601 1792 788 1832 Virgineum

602 1840 645 1873 Et
671 1850 808 1879 roseum,

490 1892 521 1922 5.
550 1889 664 1921 Serves
691 1897 760 1920 eum
788 1887 908 1922 florem.

553 1938 620 1971 Vas
647 1942 742 1969 exuet

601 1985 648 2018 Te
672 1985 791 2017 luteum

553 2034 596 2065 Et
622 2033 735 2065 induet

602 2082 797 2114 Aethereum

466 2129 521 2162 10.
549 2130 595 2161 're
621 2129 836 2169 splendorem,

555 2178 635 2218 Quia
661 2178 844 2218 concupivit
868 2187 925 2210 rex
952 2174 1138 2220 [decorem].

225 2275 361 2302 Cantion.
384 2282 436 2300 ms.
458 2272 539 2300 Petri
560 2272 596 2300 de
616 2272 742 2300 Medicis
761 2272 932 2305 (Gallicum)
951 2281 1027 2299 saec.
1052 2270 1094 2300 123.
1127 2273 1197 2300 Cnd.
1219 2273 1410 2299 Laui-mitian.
1433 2272 1477 2299 Pl.

148 2313 196 2343 29.
223 2313 246 2341 1.
268 2329 305 2332 -
333 2310 351 2339 2
372 2312 504 2339 Vultum.
525 2325 563 2330 —
583 2311 672 2338 Wohl
694 2312 790 2339 sicher
810 2312 925 2348 Tropus
948 2321 1012 2338 zum
1035 2311 1198 2339 Graduale:
1229 2312 1478 2346 „Concupivit

146 2362 212 2382 rex
233 2353 402 2380 decorem
425 2354 541 2382 tuum.
564 2351 740 2385 quoniam
761 2351 840 2385 ipse
861 2353 916 2378 est
939 2351 1118 2377 Dominus
1140 2351 1237 2378 Deus
1259 2351 1367 2377 tuusf·
