1653 2689
694 90 953 130 —61—‘

518 235 588 266 108.
620 236 659 266 Iu
679 236 946 268 Remu-rectione
966 236 1116 268 Domini.

740 296 828 324 Feria
847 296 902 323 111.

338 380 369 413 1.
396 379 574 420 Discipulis
601 381 756 415 Dominus
783 391 930 415 reserans
956 392 1076 415 arcana
1100 390 1241 422 superna

449 425 544 461 Aqua
564 427 736 462 sapientiae
752 428 873 464 potavit
894 435 959 462 eos‚·

340 467 372 499 2.
400 465 565 498 Aetherea
591 468 632 499 de
658 469 735 500 sede
760 478 892 500 manans
918 469 1076 509 sapientia
1103 477 1226 500 summa

449 510 624 547 firmabitur
644 513 677 541 in
699 513 761 542 illis
782 516 809 541 et
828 522 892 542 non
913 514 1060 551 flendum

339 552 370 586 3.
399 550 577 584 Pneumate
603 563 738 594 namque
765 555 904 594 replevit
927 564 1035 587 eorum
1062 558 1194 596 pectora
1219 563 1323 594 sacro,

450 599 477 624 et
497 597 643 626 exaltabit
663 608 712 628 eos
736 600 768 627 in
788 602 952 628 aeternum.

229 683 319 719 Trop.
346 693 400 711 ms.
428 684 621 712 Martialense
650 694 725 713 saec.
756 684 799 713 lO.
840 687 910 715 Cod.
937 688 1065 715 Parisin.
1094 684 1176 714 1084.
1197 687 1230 714 A.
1252 702 1289 706 —
1309 689 1396 723 Trop.
1424 696 1474 714 ms.

153 721 346 750 Martialense
372 730 448 750 saec.
479 720 522 750 10.
550 732 594 750 ex.
636 724 706 751 Cod.
735 724 864 752 Parisin.
893 724 974 754 1118.
1000 727 1032 753 B.
1061 740 1097 744 —ae
1124 725 1211 761 Trop.
1239 734 1292 753 ms.
1320 726 1348 753 S.
1375 725 1475 753 Aredii

153 760 376 788 Lemovicensis
403 768 480 788 saec.
512 759 554 788 11.
601 762 670 790 Cod.
699 763 827 790 Parisin.
854 761 918 791 903.
947 766 977 792 C.
1006 780 1041 784 —-
1068 764 1156 798 Trop.
1184 773 1236 790 ms.
1263 765 1475 792 Moissiaceuse

153 807 230 826 saec.
254 797 297 826 11.
339 799 410 827 Cod.
432 799 560 826 Parisiu.
582 800 678 827 Nouv.
699 810 762 837 aeq.
786 800 868 829 1871.
892 803 927 829 D.
950 818 986 821 —
1006 801 1023 829 2
1045 802 1173 830 Aethera
1193 802 1337 831 descende
1351 810 1474 830 manans

150 837 185 865 A.
205 851 243 856 -
264 835 282 865 3
302 838 450 874 Dogmate
470 846 597 873 namque
619 840 652 866 A.

514 951 581 982 109.
615 952 653 981 111
674 953 940 983 Resurrectione
962 953 1109 984 Domini.

739 1011 826 1038 Feria
846 1012 900 1038 111.

288 1100 318 1134 1.
347 1101 537 1133 Sanctorum
564 1100 717 1139 populum
744 1099 901 1131 Dominus
927 1100 1119 1140 baptismate
1144 1100 1301 1132 mundans

344 1148 388 1180 Et
414 1147 502 1178 vitiis
527 1157 668 1187 purgans
696 1147 786 1179 verbi
812 1147 1012 1188 dapibusque
1038 1148 1188 1189 saginans

418 1192 512 1228 Aqua
534 1192 704 1229 sapientiae
720 1192 843 1229 potavit
862 1200 927 1226 803,-

284 1236 315 1268 2.
342 1234 403 1273 Qui
431 1233 601 1265 Dominum
626 1237 771 1273 cernunt,
799 1234 951 1265 virtutum
977 1234 1082 1273 gratia
1108 1242 1236 1273 semper

418 1278 594 1314 firmabitur
614 1279 647 1307 in
666 1279 729 1307 illis
751 1281 776 1306 et
797 1286 859 1306 ozon
879 1280 1025 1315 flectetur,-

283 1322 315 1354 3.
343 1319 472 1353 Gaudia
497 1320 652 1352 concedet
676 1319 817 1360 propriis
843 1329 902 1359 per
928 1321 1055 1352 saecula
1081 1320 1183 1352 servis

418 1368 445 1394 et
465 1365 612 1394 exaltabit
632 1373 681 1394 eos
701 1365 735 1393 in
756 1367 920 1393 aeternum.

224 1453 314 1489 Trop.
342 1462 397 1481 ms,
419 1454 626 1481 Wintoniense
655 1462 730 1482 saec.
760 1451 802 1480 10.
831 1463 876 1480 ex.
919 1454 990 1481 Cod.
1012 1455 1156 1481 Oxonien.
1178 1454 1260 1481 Bodl.
1290 1453 1352 1481 775.
1376 1455 1409 1481 Α.
1437 1469 1474 1472 —

149 1492 238 1528 Trop.
257 1501 311 1519 ms.
332 1492 540 1519 wintoniense
563 1500 638 1519 saec.
663 1491 707 1519 11.
742 1492 812 1519 Cod.
835 1492 908 1519 Coll.
931 1494 1017 1528 Corp.
1040 1493 1150 1520 Christi
1166 1492 1386 1528 Cantabrigien.
1409 1491 1473 1520 4725.

149 1531 182 1558 Β.
209 1545 247 1548 -
271 1531 360 1566 Trop.
387 1537 439 1558 ms.
467 1530 676 1558 Glastouiense
702 1530 960 1563 (?Cantuariense)
987 1540 1063 1558 saec.
1094 1529 1137 1557 11.
1166 1540 1210 1557 ex.
1237 1532 1276 1560 (et
1306 1530 1359 1561 12.)
1403 1531 1474 1559 cod.

149 1569 315 1597 Londinen.
338 1569 432 1604 Calig.
447 1569 471 1595 A
487 1569 567 1596 XIV.
583 1570 615 1597 C.
637 1585 674 1588 —
695 1570 782 1604 Trop.
806 1578 858 1596 ms.
873 1570 1057 1597 Niverneuse
1080 1577 1155 1596 saec.
1180 1568 1223 1596 11.
1260 1570 1331 1597 Cod.
1347 1570 1474 1597 Par-isin.

149 1605 236 1635 9449.
256 1608 294 1635 D.
317 1622 352 1627 -—
372 1608 462 1643 Trop.
483 1616 536 1634 ms.
556 1609 741 1635 Niverneuse
763 1616 839 1634 saec.
862 1606 906 1634 12.
945 1608 1015 1635 Cod.
1037 1609 1165 1635 Parisin.
1186 1608 1283 1634 Nouv.
1305 1617 1368 1643 aeq.
1391 1606 1475 1636 1871.

148 1646 185 1674 E.
207 1661 243 1665 —
264 1646 354 1682 Trop.
376 1655 429 1673 ms,
445 1646 733 1683 Sammaglorianum
756 1654 832 1673 saec.
856 1644 900 1673 12.
937 1646 1006 1674 Cod.
1022 1647 1149 1674 Parissin.
1174 1644 1282 1673 13252.
1298 1647 1329 1673 F.
1351 1662 1386 1665 —
1412 1647 1434 1681 l,
1461 1646 1472 1673 1

148 1685 276 1721 populus
307 1685 344 1718 C3
378 1686 567 1720 baptismatis
599 1686 635 1718 F;
668 1684 813 1712 mundans
844 1688 873 1712 et
903 1684 1076 1719 dominus(!J
1103 1685 1139 1711 D.
1170 1699 1208 1703 —
1238 1683 1256 1712 3
1286 1686 1412 1713 concede
1442 1687 1473 1716 ι’,

147 1724 290 1751 concedat
309 1724 399 1751 DEF.

530 1828 599 1858 110.
632 1829 670 1857 In
691 1828 959 1858 Resurrectione
983 1810 1131 1858 Domini.

714 1889 826 1915 Feria
854 1889 907 1915 111.

293 1977 324 2009 1.
351 1978 496 2010 Aeterno
522 1976 661 2016 populos
687 1976 820 2008 decorat
846 1985 924 2015 quos
950 1985 1081 2008 munere
1108 1975 1267 2015 Christus⁷

414 2021 507 2057 Aqua
529 2021 699 2058 sapientiae
716 2021 835 2059 potavit
855 2029 913 2054 eos,

290 2063 324 2097 2.
352 2063 460 2102 thue
487 2063 675 2094 catervatim
703 2063 832 2095 valeant
857 2063 1012 2095 mundare
1039 2062 1162 2101 fideles,

374 2107 549 2145 firmabitur
571 2108 604 2136 in
624 2108 688 2136 illis
709 2111 735 2137 et
756 2116 819 2137 non
841 2108 974 2144 flecietur

290 2150 322 2182 3.
351 2147 474 2182 Crebra
499 2157 559 2188 per
583 2149 768 2182 innumeras
794 2153 928 2189 patrans
954 2150 1110 2182 miracula
1136 2149 1234 2189 vices,

413 2196 440 2222 et
459 2194 605 2223 exaltabit
624 2203 674 2224 eos
694 2195 729 2224 in
749 2196 915 2223 aeternum.

219 2283 309 2319 Trop.
337 2291 392 2310 ms.
418 2281 626 2310 Wintonieuse
651 2291 729 2311 saec.
757 2280 802 2310 10.
830 2292 875 2310 ex.
916 2283 988 2310 Cod.
1014 2284 1158 2311 Oxonieu.
1181 2283 1265 2310 Bodl.
1293 2282 1358 2310 775.
1380 2284 1412 2311 A.
1436 2298 1470 2301 —

145 2322 236 2359 Trop.
258 2331 312 2349 ms.
334 2320 544 2349 wintoniense
566 2328 642 2348 saec.
667 2320 711 2348 11.
745 2321 818 2348 Cod.
840 2321 914 2349 Coll.
938 2321 1023 2358 Corp.
1039 2321 1150 2349 Christi
1165 2322 1387 2357 Cantabrigien.
1408 2320 1473 2349 473.

143 2362 178 2390 Β.
207 2376 243 2380 -
271 2361 362 2396 Trop.
390 2368 444 2387 ms.
466 2358 675 2388 Glastoniense
695 2359 956 2394 (PCantuariense)
983 2369 1060 2390 saec,
1090 2359 1133 2389 11.
1165 2369 1211 2387 ex.
1236 2360 1276 2393 (et
1306 2360 1361 2393 12.)
1401 2361 1472 2389 Cod.

143 2400 310 2428 Londinen.
332 2398 427 2435 Calig.
448 2397 474 2424 A
496 2398 575 2425 XIV.
599 2398 631 2426 C.
653 2414 689 2419 —-
710 2397 729 2427 3
749 2398 846 2435 Atque
866 2399 953 2427 ABC.
