1653 2689
74 79 225 130 ,ἧῐ-’ᾞΒξῗ
239 78 253 84 “

692 109 856 146 -297
905 127 954 134 -

337 205 370 239 3.
397 204 494 238 Celse
518 206 619 245 Deus.
642 207 791 247 precibus
816 205 984 239 Benedicti
1009 205 1157 246 plebibus
1183 208 1282 248 assis;

474 250 672 281 Desideriwm
691 252 813 281 animae
832 251 898 281 eius
919 251 1056 281 vribuisti
1075 252 1103 280 ei
1123 257 1176 281 etc.

339 293 373 324 4.
400 291 539 325 Munere
564 301 700 333 namque
725 297 780 325 tuo
804 291 1013 324 Benedictum
1039 293 1261 332 magnificasti,

474 345 586 375 maqna
606 341 649 368 est
667 338 766 375 yltm'a
785 336 849 366 eius
870 338 905 366 in
925 337 1059 366 salutari
1078 340 1139 367 tuo.

239 412 329 449 Trop.
356 422 410 442 ms,
439 415 646 443 wintoniense
671 423 747 442 saec.
777 412 821 442 10.
849 423 892 442 ex.
933 414 1003 442 Cod.
1033 414 1176 443 Oxonien.
1199 416 1280 443 Bodl.
1303 415 1367 444 775.
1389 418 1423 445 A.
1445 432 1483 437 —

162 450 255 488 Trop.
274 460 329 480 me.
349 452 559 481 wintoniense
579 461 655 481 saec.
678 452 720 480 11.
752 452 826 481 Cod.
846 453 922 480 Coll.
944 453 1032 489 Corp.
1046 454 1158 481 Christi
1173 454 1395 489 Cantabrigien.
1417 454 1482 483 473.

163 489 196 517 B.
221 504 258 510 -
271 490 360 526 Trop.
382 499 434 518 ms.
452 491 661 519 Glastoniense
681 490 706 525 (Ῥ
720 490 943 523 Cantuariense)
963 499 1039 519 saec.
1064 491 1107 518 11.
1129 502 1172 520 ex.
1197 496 1226 519 et
1241 491 1284 520 12.
1321 494 1390 521 cod.
1406 495 1483 522 Lon-

165 527 264 556 dinen.
287 527 381 565 Calig.
396 529 422 556 A
436 529 516 556 XIV.
533 529 565 556 C.
585 544 624 548 —
644 527 687 556 2a
708 538 735 556 u.
757 528 800 556 2b
822 530 1003 565 umgestellt:
1025 530 1133 558 ebenso
1154 530 1171 558 3
1193 540 1220 558 u.
1241 530 1259 558 4
1274 532 1305 559 C.
1329 546 1364 550 —
1384 532 1402 559 3
1423 542 1450 560 u.
1465 532 1484 560 4

165 566 436 632 finitiwwdemde
456 568 653 600 Hexameter,
682 576 765 595 wozu
792 576 860 594 man
888 568 946 602 vgl.
972 568 1098 599 „celse
1126 568 1243 597 Deus“
1264 569 1325 601 (ΝΥ.
1347 568 1483 605 585jau1

201 612 219 632 a
260 613 324 632 nus.

499 679 569 710 572.
605 680 642 710 111
665 682 860 711 sanctorum
883 681 1142 712 Innocentium>

336 759 367 792 1.
397 758 601 791 Gaudeamus
627 761 794 801 laetantes,
821 757 840 776 *
868 760 1045 800 fraterculi,

393 806 618 839 Sanctissimos
645 807 814 839 laudantes
842 806 861 825 *
888 810 1039 849 puerulos

395 855 460 886 Pro
486 853 618 888 Christo
643 860 746 887 morte
770 865 867 888 saeva
894 854 912 873 *
940 857 1129 899 trucidatos,

442 903 478 934 In
505 912 637 942 quorum
665 904 734 935 vice
761 904 923 936 dicamus:

488 948 605 976 Anima
626 951 732 977 nostra
753 948 832 977 sient
848 957 959 985 passer
979 952 1077 986 erepta
1098 953 1148 983 est,
1172 967 1208 971 —

336 991 368 1022 2.
395 989 481 1027 Quos
507 988 628 1020 Christi
653 989 779 1021 bonitas
806 986 824 1006 *
852 994 947 1030 atque
972 991 1076 1030 gratia

392 1037 454 1068 Pro
481 1037 580 1068 illatis
606 1038 717 1076 poenis
746 1034 764 1054 *
792 1039 917 1069 coronis
940 1043 1130 1078 compserat,
1158 1057 1204 1061 —-

487 1081 522 1110 de
543 1081 648 1117 laqueo
669 1082 858 1115 venantiunz;
881 1082 1006 1118 laqueus
1030 1084 1180 1112 contritus*
1201 1087 1252 1119 est,

336 1123 368 1156 3.
395 1124 493 1161 Quem
520 1122 613 1154 dolus
638 1123 769 1163 maligni
796 1120 815 1139 *
843 1128 995 1163 posuerat

391 1169 582 1211 Belzebulis,
610 1175 643 1202 ut
671 1180 728 1202 nos
756 1169 774 1188 *
804 1171 992 1214 devoraret;

485 1219 511 1244 et
532 1223 589 1243 nos
611 1215 730 1244 liberati
749 1224 865 1245 sumus.

233 1294 321 1329 Trop.
350 1303 403 1322 ms.
425 1295 620 1330 Sangallense
642 1303 718 1322 saec.
742 1294 784 1322 10.
827 1296 898 1323 Cod.
921 1296 1091 1332 Sangallen.
1113 1295 1177 1324 484.
1199 1297 1233 1322 A.
1255 1311 1293 1315 —
1312 1297 1399 1330 Troy>⁴
1422 1306 1473 1323 ms.

158 1331 353 1370 Sangallense
375 1341 450 1360 saec.
476 1332 519 1361 10.
561 1333 630 1360 Cod.
652 1333 820 1370 Sangallen.
843 1332 907 1361 378.
929 1334 962 1361 B.

499 1485 568 1515 573.
602 1485 641 1515 In
662 1486 858 1516 sanctorum
881 1485 1128 1516 Innocentium.

331 1583 363 1617 1.
390 1581 554 1614 Infantum
581 1583 634 1614 dic
661 1583 714 1614 dic
738 1591 822 1614 nunc
849 1583 959 1615 inclita
985 1584 1079 1615 turba
1106 1584 1249 1624 piorum:

462 1628 578 1656 Anima
600 1630 706 1657 nostra
727 1629 806 1657 sieut
818 1637 927 1664 passer
941 1632 1041 1665 erepta
1056 1632 1098 1657 est
1112 1629 1146 1657 (Ie
1160 1629 1268 1665 laqueo
1285 1630 1454 1658 venantium
1465 1639 1473 1663 ‚·

326 1671 359 1702 2.
386 1668 563 1700 Exsultans
589 1669 715 1710 iugiter,
743 1670 805 1701 iam
829 1670 944 1709 libera,
972 1671 1102 1702 concine
1129 1671 1256 1702 dicens:

462 1714 589 1751 laqueus
610 1715 761 1744 contritus
781 1717 823 1743 est
844 1718 869 1743 et
892 1723 947 1744 nos
969 1715 1088 1744 liberati
1109 1724 1225 1744 sumus.

232 1793 322 1829 Trop.
349 1801 404 1820 ms.
423 1793 616 1821 Martialense
642 1801 719 1821 saec.
749 1792 793 1822 10.
833 1794 905 1821 eod.
931 1795 1056 1822 Parisin.
1088 1793 1169 1822 1084.
1192 1795 1225 1821 A.
1252 1809 1290 1813 —
1310 1795 1399 1830 Trop.
1421 1804 1474 1822 ms.

158 1831 351 1860 Martialense
379 1839 455 1859 saec.
485 1830 529 1859 10.
558 1841 601 1859 ex.
643 1832 713 1859 Cod.
742 1832 869 1860 Parisin.
900 1831 981 1859 1118.
1010 1835 1041 1861 B.
1063 1848 1100 1851 -
1125 1834 1212 1869 Trop.
1240 1842 1293 1860 ms.
1320 1834 1349 1860 S.
1374 1834 1475 1860 Aredii

155 1871 379 1898 Lemovicensis
406 1878 482 1897 saec.
514 1868 556 1897 11.
598 1870 669 1898 Cod.
690 1871 817 1898 Par-isin.
846 1869 910 1898 903.
935 1872 966 1898 C.
988 1887 1025 1890 —
1046 1872 1080 1899 In
1102 1874 1281 1899 erweiterter
1302 1873 1388 1899 Form
1409 1874 1475 1899 tritt

155 1909 253 1938 dieser
273 1909 390 1945 Tropus
412 1909 465 1936 auf
483 1909 542 1936 als:
564 1909 633 1936 Est
653 1909 750 1937 Deus
772 1909 865 1938 alma
887 1909 993 1937 salus
1014 1911 1074 1941 (ΝΥ.
1097 1909 1170 1945 574).

499 2060 570 2091 5ἲ4.
602 2061 642 2092 In
662 2062 860 2092 sauctorum
880 2063 1129 2093 Innocentium.

330 2160 362 2193 1.
387 2159 449 2191 Est
473 2159 571 2200 Deus,
599 2161 684 2192 alma
709 2161 805 2201 salus,
834 2162 928 2202 digne
955 2162 1137 2200 laudabilisv
1166 2173 1183 2195 a
1209 2172 1270 2202 quo

464 2204 580 2233 Am‘ma
600 2207 706 2235 nostra
723 2206 799 2236 sic-ut
811 2216 923 2243 passer
937 2211 1038 2243 erepta
1053 2210 1095 2236 est
1110 2208 1144 2235 de
1159 2208 1265 2243 laqueo
1283 2209 1474 2243 venantimm

329 2249 362 2280 2.
390 2244 555 2278 Infantum
583 2247 635 2278 dic
662 2247 715 2278 dic
739 2257 823 2280 nunc
848 2249 958 2280 inclita
985 2250 1078 2280 turba
1106 2250 1247 2289 piorum:

463 2291 608 2329 Laqueus
629 2293 782 2322 contritus
804 2296 854 2327 est,
876 2297 902 2322 et
922 2302 979 2322 nos
1000 2294 1119 2322 liberati
1140 2303 1253 2323 sumus.

331 2336 363 2368 3,
391 2332 575 2365 Laudemus
602 2333 783 2375 Dominum,
811 2344 927 2374 pueros
955 2344 1142 2368 veneremur
1170 2342 1201 2368 et
1226 2337 1313 2376 ipsos

385 2382 493 2422 Atque
517 2382 764 2422 proclamemus,
792 2383 852 2423 eia,
881 2384 941 2421 eia,
969 2385 1036 2416 eia:

463 2426 539 2457 Nisi
559 2427 641 2463 quod
661 2426 818 2457 Dominus
840 2433 906 2458 erat
927 2429 957 2457 in
980 2429 1080 2464 vobisy
1101 2429 1183 2460 dicat
1205 2439 1286 2460 nunc
1301 2430 1399 2460 Israel
1420 2436 1474 2460 etc.
