1653 2689
653 97 892 133 -47.—

517 209 570 241 62).
600 209 640 240 In
661 209 850 241 Nativitate
871 210 1019 242 Domini.

281 280 313 313 1.
337 279 428 319 Quod
454 279 562 320 priseo
587 284 677 312 vates
703 279 887 312 cecinerunt
913 283 1056 320 tempore
1082 281 1195 319 sancti,

337 327 479 360 cernitis
502 327 680 370 impletum,
708 327 884 368 psallentes
911 328 1009 360 dieite
1035 329 1158 362 cuncti:

412 372 496 401 Puer
514 375 609 402 natus
630 376 672 402 est
691 372 789 407 nobis,

279 415 311 448 2.
339 413 517 446 Davidicae
543 414 654 453 stirpis
680 414 788 454 genuit
813 423 904 454 quem
929 414 1018 455 virgo
1043 414 1161 454 Maria,

411 461 438 488 et
457 457 542 494 lilius
562 458 716 488 datus-est
736 458 823 488 nobis

281 502 318 535 3.
345 500 479 533 Perdita
505 503 688 532 restaurans
716 504 745 532 et
772 504 952 532 restaurata
976 500 1166 541 gubernans,

410 544 499 575 cuius
520 544 681 582 imperium
702 553 793 582 super
813 554 949 575 umerum
970 546 1044 580 eius,

409 585 437 612 et
456 583 614 612 vocabitur
633 591 741 612 nomen
762 584 826 611 eius
849 583 952 621 nzaqni
972 583 1098 613 consilii
1117 584 1253 621 anyelus.

179 641 269 678 Trop.
297 651 350 670 ms.
375 642 567 670 Martialense
595 651 670 669 saec.
700 641 745 670 10.
787 643 856 670 Cori.
884 643 1011 670 Parisin.
1039 640 1121 669 1084.
1143 643 1177 670 A.
1198 657 1235 660 —
1254 643 1343 678 Trop.
1371 652 1423 669 ms.

102 680 316 709 Moissiacense
347 689 423 708 saec.
453 679 495 708 11.
544 680 614 709 Cod.
646 681 769 708 Parisin.
799 682 893 708 Nouv.
921 689 983 714 aeq.
1017 679 1098 708 1871.
1126 682 1157 708 B.
1186 695 1223 700 --
1251 681 1339 715 Trop.
1371 690 1422 707 ms.

101 718 295 747 vedastinum
325 727 401 746 saec.
430 716 473 746 ll.
515 718 584 746 Cod.
611 719 797 746 Cameracen.
825 718 862 746 76
888 717 953 752 (75).
981 720 1012 747 C.
1042 733 1076 738 —
1104 719 1190 755 Trop.
1220 728 1272 746 ms.
1293 720 1422 747 Samma-

100 757 269 793 glorianum
297 765 372 784 saec.
400 756 443 785 12.
485 758 556 785 Cod.
578 758 703 785 Parisin.
729 755 834 784 13252.
857 759 892 785 D.
911 772 946 776 —
967 758 1055 794 Trop.
1078 767 1130 784 ms.
1152 759 1324 785 Prumiense
1346 766 1421 785 saec.

103 794 176 823 1(Ἰιι.
214 796 286 824 Cod.
306 795 435 823 Parisin.
463 794 546 823 9448.
568 796 603 823 Ε.
626 811 663 815 ——
683 797 770 832 Trop.
801 805 852 823 ms.
874 796 1113 823 Emmeramense
1134 805 1209 824 saec.
1235 795 1308 823 ¹¹l12.
1349 796 1423 824 Clm.

100 834 254 862 Monacen.
286 833 391 862 14322.
419 835 450 862 F.
471 849 509 853 —
529 835 617 871 Trop.
650 844 701 861 ms.
731 835 760 862 S.
789 835 901 861 Arnulfi
923 835 1063 862 Metensis
1092 843 1167 861 saec.
1198 833 1241 861 12.
1269 836 1308 861 in.
1350 835 1421 862 Uod.

100 873 208 900 Meten.
247 871 314 900 452.
349 873 384 900 G.
428 887 465 892 --
499 873 586 908 Trop.
628 882 679 899 ms.
717 873 935 908 Epternacense
972 881 1046 900 saec.
1087 871 1129 899 1¹2.
1184 873 1253 900 eod.
1295 872 1420 900 Parisin.

101 909 209 939 10510.
231 912 269 938 H.
285 925 322 931 ——
341 912 429 946 Trop.
453 920 505 938 ms.
526 912 732 939 Wintoniense
754 919 828 938 saec.
854 910 896 938 10.
921 919 964 938 ex.
996 911 1065 938 Cod.
1087 911 1230 939 Oxonien.
1252 912 1335 938 Bodl.
1351 909 1417 938 775.

100 950 123 977 Ι.
145 963 183 968 —
203 949 292 985 Trop.
314 958 366 976 ms.
388 951 593 977 Wintoniense
615 958 690 976 saec.
715 948 757 977 11.
789 949 859 977 Cod.
882 949 956 978 Coll.
978 950 1062 984 Corp.
1082 949 1192 977 Christi
1208 949 1419 985 Cantabrigien

99 986 165 1016 473.
187 988 223 1015 V.
248 1005 283 1008 —
303 988 392 1023 Trop.
417 996 470 1015 ms.
491 988 519 1015 S.
542 987 694 1015 Benedicti
718 989 873 1014 Mantuani
895 996 971 1014 saec.
996 986 1038 1014 11.
1069 987 1138 1014 Cod.
1162 989 1257 1023 Capit.
1275 988 1421 1015 Vei-ouen.

102 1026 184 1054 CVII
211 1024 297 1061 (100).
318 1026 351 1053 L.
373 1041 412 1046 —
431 1027 519 1061 Trop.
541 1035 592 1053 ms.
617 1026 842 1059 Bononiensem
863 1034 939 1053 saec.
964 1024 1006 1052 11.
1050 1025 1119 1052 cod.
1142 1027 1264 1053 Roman.
1287 1026 1420 1062 Aug-elic.

105 1062 159 1091 123
178 1064 214 1098 (Β
234 1065 280 1092 111
304 1062 356 1097 18).
378 1065 418 1091 M.

180 1101 205 1137 1,
229 1101 242 1129 1
265 1103 396 1130 cecinere
417 1103 454 1130 D.
476 1116 512 1120 —
537 1101 560 1133 1,
582 1102 600 1130 3
621 1102 686 1134 Eia,
708 1103 784 1129 Puer
805 1102 871 1129 ΕΗ.
887 1117 924 1122 -
938 1103 973 1129 In
993 1103 1024 1129 M
1046 1102 1119 1138 folgt
1140 1102 1182 1128 als
1206 1102 1259 1128 ..ad
1282 1103 1426 1138 Repeten-

103 1138 207 1168 dum“:
234 1141 362 1176 „Quem
386 1142 492 1168 nasci
514 1140 645 1167 mundo
665 1141 734 1177 (vgl.
757 1141 807 1167 Nr.
831 1139 886 1174 72).
902 1154 939 1158 —
958 1141 992 1166 In
1013 1140 1092 1168 FGH
1116 1140 1213 1168 diente
1236 1140 1286 1167 der
1307 1141 1421 1175 Tropus

98 1179 145 1206 fiir
164 1178 212 1206 die
233 1179 347 1207 Octava
367 1179 541 1206 Nativitatis
563 1179 692 1206 Domini.

510 1292 559 1321 70.
593 1291 632 1321 111
654 1290 844 1322 Nativitate
866 1292 1014 1322 Domini.

212 1363 244 1396 1.
269 1363 370 1403 Quem
396 1362 464 1394 sine
490 1365 593 1407 matre
619 1365 713 1401 pater
738 1362 856 1404 genuit,
885 1361 980 1393 hodie
1006 1362 1075 1393 sine
1101 1365 1193 1401 patre

348 1406 432 1435 Puer
452 1409 544 1435 uatus
565 1409 608 1436 est
628 1406 725 1441 nobis,

210 1449 243 1481 2.
269 1448 330 1480 Est
356 1447 462 1480 brevis
488 1448 660 1480 immensus
686 1447 801 1488 factus,
831 1457 905 1480 caro
931 1456 1035 1480 sermo
1062 1450 1228 1487 paternus,

345 1496 371 1522 et
390 1493 474 1530 filius
495 1492 587 1522 (latus
608 1495 651 1521 est
671 1493 778 1528 nobis,-

207 1535 240 1568 3.
265 1535 330 1566 Hic
356 1543 412 1566 rex
439 1538 627 1574 regnantum
655 1534 821 1566 dominans
848 1535 910 1566 erit
935 1537 967 1565 et
994 1534 1225 1572 dominantum,

346 1579 435 1609 cuius
457 1578 616 1617 imperium
638 1587 728 1617 super
748 1588 885 1608 umerum
905 1578 986 1614 θέας,-

207 1623 239 1654 4.
266 1621 354 1654 Gens
381 1621 464 1653 colet
490 1621 573 1653 hunc
598 1622 711 1663 omnis,
739 1621 823 1652 hunc
850 1621 958 1662 lingua
984 1619 1139 1652 fatebitur
1165 1621 1276 1663 omnis,

347 1668 372 1694 et
392 1665 548 1696 vocabitur
569 1675 676 1695 nomen
697 1667 761 1696 eius
782 1666 890 1703 magni
909 1666 1031 1694 consilii
1051 1665 1186 1703 angelus.

171 1725 287 1761 Tropar
310 1733 362 1752 ms.
385 1725 547 1753 casinense
569 1733 644 1753 saec.
670 1723 713 1752 12.
735 1726 775 1752 in.
817 1726 887 1752 Cod.
910 1726 1049 1753 casinen.
1070 1723 1134 1752 546.

511 1829 560 1860 71.
592 1830 630 1859 In
652 1829 843 1860 Nativitate
863 1829 1014 1860 Domini.

231 1903 261 1935 1.
287 1901 387 1940 Quem
414 1900 673 1940 patriarcharum
699 1909 793 1933 voees
819 1899 1028 1940 propheticus
1054 1904 1149 1940 atque

292 1949 475 1982 praecinuit
502 1953 621 1987 coetus,
649 1949 751 1980 nostri
779 1949 941 1988 reparatio
968 1957 1070 1988 casus,

362 1993 444 2023 Puer
464 1996 560 2023 natus
581 1996 624 2023 est
645 1994 733 2023 nobis
754 1996 780 2022 et
800 1993 884 2030 filius
905 1993 998 2022 datus
1019 1996 1061 2022 est
1084 1994 1183 2028 nobis,

231 2037 264 2069 2.
291 2037 329 2068 In
354 2036 499 2075 genitore
525 2044 668 2076 manens,
695 2040 788 2067 natus
816 2035 885 2067 sine
911 2039 1066 2076 tempore,
1095 2035 1261 2077 Christus3

286 2084 348 2125 En,
376 2083 470 2116 homo
495 2084 655 2123 processit
679 2083 784 2116 factus
812 2084 852 2114 de
878 2084 1011 2124 virginis
1037 2083 1120 2125 alvo,

366 2137 456 2158 (juzu-3
476 2137 636 2166 imperuim
657 2138 750 2166 super
772 2138 904 2158 'umerum
926 2137 1001 2158 elus.

227 2173 259 2205 3.
287 2173 433 2204 Aeterno
458 2171 527 2210 regi
550 2171 619 2203 laus
645 2175 677 2202 et
702 2170 849 2203 iubilatio
875 2179 1013 2212 semper,

287 2219 350 2258 En,
378 2218 473 2250 modo
500 2218 648 2251 vatidicis
675 2218 875 2252 modulemur
900 2219 933 2250 in
960 2218 1062 2250 ardua
1089 2217 1194 2259 dictis,

363 2266 389 2293 et
410 2262 569 2293 vocabitur
588 2273 696 2293 nomnen
715 2265 782 2293 eius
806 2263 911 2301 magni
931 2264 1055 2293 consilii
1075 2263 1210 2301 angelus.

169 2334 335 2366 Pamehus,
364 2333 541 2369 Liturgieon
566 2334 651 2369 impr.
673 2334 816 2362 Coloniae
840 2332 922 2366 1609,
943 2334 973 2360 ΙΙ
1000 2343 1026 2369 p.
1053 2330 1107 2360 611
1128 2332 1194 2367 („ex
1216 2332 1268 2359 Ms.
1292 2330 1419 2368 Anglico

91 2374 235 2404 Biblioth.
257 2373 288 2402 S.
309 2372 441 2401 Bavonis
465 2369 671 2406 Gaudensis“).
691 2387 730 2391 —
754 2371 778 2404 1,
806 2371 818 2400 1
842 2381 884 2408 sq.
907 2371 1082 2409 prophetiae
1103 2375 1190 2407 atque
1215 2370 1219 2401 Ι
1243 2370 1422 2397 praecinunt

87 2413 272 2449 (Loeefehler
281 2412 316 2447 ?).
335 2425 375 2429 —
395 2408 424 2444 3,
446 2408 460 2438 1
483 2418 510 2438 u.
531 2408 550 2438 2
570 2410 817 2439 wahrscheinlich
837 2411 1012 2447 Einleitung
1032 2419 1083 2438 zur
1104 2410 1276 2445 Doxologie.

91 2500 100 2521 Ι
