1653 2689
0 75 316 163 *⁶W·
610 119 656 124 -
709 99 772 135 141
827 118 871 124 —

253 197 286 232 2.
312 195 367 228 Ad
395 195 635 236 disponendum
661 200 795 229 naturae
820 198 853 229 in
879 197 1008 229 saecula
1033 201 1154 231 motum

387 243 525 278 potentes
546 243 664 277 virtute,
685 242 741 278 qui
759 243 864 280 she-itis
884 241 1004 271 verbum
1025 242 1088 271 eius

255 284 287 318 3.
315 282 382 315 Sub
410 283 491 314 duee
517 283 698 324 magnifico,
727 284 807 316 caeli
832 283 994 316 Michaele
1019 283 1168 317 ierarcho

391 327 432 357 ad
453 327 642 357 audiendam
664 337 760 358 rocem
781 336 952 358 sermonum
972 329 1046 357 eius.

161 383 250 419 Trop.
276 391 330 410 ms.
352 383 561 410 Wintoniense
588 392 663 410 saec
689 381 732 411 10.
762 392 806 410 ex.
848 383 918 410 Cod.
939 383 1082 410 Oxouien.
1124 383 1206 410 Bodl.
1230 381 1291 410 775.
1314 384 1346 409 A.
1370 398 1407 402 —-

84 423 173 458 Trop.
205 430 258 450 ms-
285 421 495 449 Wintoniense
526 430 603 449 saec.
634 421 677 449 ll.
706 422 776 450 eod.
806 422 880 450 (2011.
909 422 994 457 Corp.
1023 420 1065 449 Xi
1090 422 1311 455 Cantabrigien.
1339 420 1405 449 473.

85 461 118 489 Β.
145 475 181 480 -
205 460 294 496 Trop.
326 469 378 486 ms.
407 460 695 496 sammaglorianum
724 469 799 488 saec.
829 459 872 488 12.
921 461 990 488 Cod.
1018 461 1146 487 Parisin.
1175 458 1282 486 13252.
1311 460 1341 487 C.
1370 474 1407 478 —-

84 493 270 528 &berschrift
289 499 320 525 in
341 499 407 525 AB:
432 499 522 533 „Item
543 498 658 534 pulchri
679 498 784 534 tropi.“

501 606 570 637 322.
605 607 642 636 In
665 606 776 637 sancti
799 607 988 638 Michaelis.

255 673 285 705 1.
314 672 375 711 Qui
398 673 501 712 patris
527 672 558 704 in
586 673 674 705 caelo
701 673 801 704 nostis
828 681 1019 712 cognoscere
1047 673 1177 712 vultum,

394 716 564 746 Beueslicite
586 716 763 752 Dominum,
786 726 886 747 ommes
908 718 1009 752 aozqeli
1029 717 1103 752 eius,

257 760 289 792 2.
315 759 382 790 Ter
407 759 510 790 trinus
537 759 627 795 ordo,
656 759 757 791 Deum
784 759 952 791 laudantes
980 767 1055 790 voce
1081 759 1224 799 perenni,

389 806 523 841 potentes
547 805 662 839 virtute,
683 805 736 840 qui
757 804 861 841 facitis
883 805 1006 833 rer-bum
1027 804 1101 838 eius,

257 846 289 879 3.
317 845 435 877 Sancto
460 845 625 877 firmantes
651 850 832 878 sanctorum
859 850 1006 877 neumate
1032 849 1152 877 mentes

392 889 432 919 <ul
453 890 635 919 (ualiendam
662 899 756 919 vocem
780 899 947 919 sermonum
969 891 1042 919 eius.

159 944 248 981 Trop.
276 954 327 972 ms.
359 944 582 972 Nonantulense
612 954 687 972 saec.
714 944 756 971 ll.
785 947 822 971 in.
865 945 935 972 cod.
957 946 1078 972 Roman.
1102 946 1172 972 Vitt.
1194 945 1298 972 Enian.
1324 942 1405 972 1343.

82 981 207 1017 (Sessar.
228 980 285 1016 62).
307 984 341 1010 A.
362 998 395 1002 .-
419 983 508 1018 Trop.
536 992 589 1010 ms.
613 984 833 1011 Nonautulense
859 992 935 1010 saec.
960 983 1002 1009 ll.
1043 984 1113 1010 eod.
1136 984 1298 1010 Bononien.
1319 980 1405 1011 2824.

85 1022 118 1050 Β.
143 1035 181 1039 -·
210 1022 299 1056 Trop.
331 1030 382 1048 ms.
415 1022 638 1049 Nouantulense
669 1030 745 1048 saec.
780 1020 822 1048 11.
869 1022 938 1049 Cod.
971 1023 1092 1049 Roman.
1125 1022 1299 1048 Casanaten.
1330 1019 1402 1048 1741

83 1059 118 1094 (C
144 1060 186 1086 IV
214 1058 249 1093 2).
279 1060 311 1087 C.
340 1074 375 1078 —
405 1060 492 1095 Trop.
521 1069 573 1086 ms.
603 1060 631 1086 S.
660 1060 813 1087 Benedicti
842 1061 995 1087 Mantuani
1025 1068 1102 1088 saec,
1132 1058 1174 1087 11.
1215 1059 1285 1087 Cod.
1308 1059 1404 1094 Capit.

84 1098 230 1126 Vei-ouen.
253 1098 335 1126 CVII
353 1097 440 1129 (100).
462 1099 498 1125 D.
520 1113 556 1116 —
582 1098 594 1126 l
616 1099 705 1126 caelis
727 1099 770 1131 D;
793 1099 901 1125 nostris
920 1102 966 1130 (st.
988 1099 1092 1131 nostis)
1106 1099 1138 1125 A.
1162 1113 1198 1116 —-
1217 1096 1289 1124 2Te
1310 1098 1406 1125 trinus

84 1136 144 1164 AB.
169 1151 201 1154 —
222 1134 241 1164 3
270 1136 396 1164 Sanctos
424 1137 462 1171 A;
492 1136 625 1164 firmante
653 1138 692 1169 B;
721 1145 827 1164 neuma
854 1140 992 1164 canentes
1023 1138 1056 1164 D.
1078 1137 1171 1163 —In
1192 1136 1266 1164 Assc
1296 1137 1334 1163 ist
1355 1135 1407 1163 der

83 1175 200 1212 Tifopus
221 1174 257 1202 de
278 1184 316 1202 ss.
338 1174 470 1211 Angelis.

498 1249 643 1279 323.1n
665 1250 776 1280 sancti
799 1249 990 1279 Michaelis·

307 1317 338 1348 1.
367 1315 460 1347 Cives
487 1315 652 1354 caelestes,
681 1314 817 1346 Domino
844 1315 1018 1355 persolvite
1046 1315 1168 1354 laudes,

433 1358 610 1389 Benedicile
630 1359 805 1393 Dominum,
828 1368 930 1389 omnes
951 1360 1050 1396 anqelz'
1072 1361 1148 1393 eius,

424 1400 563 1434 potentes
588 1397 702 1432 virtute,
725 1399 780 1434 qui
799 1398 906 1434 facitis
928 1397 1044 1427 verbum
1068 1398 1141 1431 eim,

306 1442 338 1472 2.
365 1439 526 1473 Cordibus
554 1448 593 1470 ex
619 1439 737 1471 nostris
764 1441 872 1471 hostes
900 1440 1052 1480 depellite
1078 1449 1191 1471 saevos

430 1484 470 1513 ad
492 1483 675 1513 audiendam
698 1493 793 1514 vocem
817 1493 986 1514 sermonum
1009 1486 1081 1513 eius.

84 1575 102 1605 2
121 1578 140 1606 d
159 1540 248 1605 ’ξι-ΕΡ.
272 1548 324 1566 ms.
349 1538 606 1567 Heidenhemense
628 1547 703 1566 saec.
728 1538 771 1566 11.
815 1540 885 1567 Cod.
908 1539 1052 1566 Oxonien.
1093 1538 1170 1566 Seld.
1193 1546 1280 1575 supra
1303 1536 1350 1565 27.
1372 1553 1410 1557 —

142 1586 158 1606 e
180 1587 195 1605 e
221 1579 270 1605 ite.

527 1643 597 1673 324.
629 1643 666 1672 In
689 1643 800 1673 sancti
822 1643 968 1673 Nicolai.

171 1709 203 1742 1.
230 1708 322 1748 Spes,
350 1709 412 1747 via,
439 1718 513 1751 pax,
542 1708 652 1742 fautor
678 1710 844 1747 iustorum,
871 1709 936 1746 lux,
966 1709 1074 1747 decus,
1102 1711 1215 1742 auctor

228 1756 309 1790 Esse
334 1765 475 1796 perenne
501 1765 560 1791 suo
587 1763 659 1797 post
686 1757 783 1789 labile
810 1758 889 1789 dans
915 1757 1050 1790 Nicolao

296 1801 411 1831 Statuit
431 1802 457 1830 ρι’
479 1801 642 1835 Dominus,

232 1844 404 1877 Procinctu
430 1842 508 1877 belli
537 1853 627 1884 quem
654 1844 743 1882 iuvit,
770 1848 841 1884 post
867 1843 958 1875 dedit
983 1841 1032 1876 illi

295 1890 503 1918 testamentum
521 1890 620 1925 pacis,

230 1929 303 1962 Non
328 1931 474 1971 sequitur
498 1940 590 1971 quain
619 1939 718 1969 mors,
746 1939 827 1970 quae
853 1930 925 1962 finis
950 1934 1115 1970 permanet
1142 1938 1263 1972 exsorS‚

294 1978 322 2004 et
337 1976 506 2013 principem
530 1977 599 2011 secie
618 1986 685 2005 eum

230 2019 307 2051 Iura
333 2016 506 2051 relaxandi
533 2027 632 2050 noxas
659 2017 720 2050 sibi
748 2017 890 2057 dansque
917 2015 1052 2057 ligandi,

296 2065 330 2091 ut
350 2063 391 2091 sit
410 2062 457 2092 z'lli
476 2063 640 2092 sacerdotii
660 2063 806 2101 dioniius,

231 2105 319 2143 Quae
345 2113 408 2136 non
434 2103 605 2138 marcescit
631 2106 687 2137 sed
714 2105 779 2145 iugi
805 2104 875 2135 luce
903 2101 1033 2138 nitescit

296 2149 331 2177 in
353 2153 517 2180 aeternum.

297 2189 346 2217 Ps.
367 2187 602 2218 misericordias
624 2187 754 2218 Domini
775 2190 805 2217 ιή
828 2192 983 2217 aeternum
1005 2189 1144 2221 ccmtabo,

229 2229 290 2270 Qui
316 2230 422 2262 caelos
446 2229 544 2264 hodie
571 2231 738 2263 Nicolaum
767 2230 843 2262 fecit
867 2230 970 2263 adire.

297 2273 404 2304 Gloria
419 2275 510 2312 patri
529 2277 557 2304 et
576 2275 641 2312 filio
662 2279 688 2305 et
708 2276 834 2312 spiritui
855 2279 972 2310 sumto,

171 2316 202 2350 7.
228 2315 311 2349 Esse
337 2316 447 2348 subest
472 2324 572 2350 unum
599 2317 679 2358 quis,
708 2327 768 2358 par
794 2318 890 2349 decus
916 2317 993 2349 assit
1021 2317 1052 2348 in
1079 2325 1205 2356 aevum,

295 2362 375 2391 siout
394 2364 460 2391 erat
478 2362 514 2391 in
530 2363 689 2400 principib
710 2366 736 2392 et
759 2372 839 2392 manc
859 2367 885 2392 et
905 2371 1020 2401 semper
1039 2366 1090 2392 etc.

160 2415 248 2452 Trop.
270 2425 324 2444 ms.
345 2416 540 2454 Sangallense
560 2425 637 2446 saec.
659 2417 703 2446 11.
745 2418 816 2447 Cod.
838 2419 1010 2455 sangallen.
1032 2416 1097 2446 380.
1119 2417 1183 2445 add.
1205 2426 1280 2445 saec.
1306 2415 1350 2444 12.

170 1844 206 2137 Ε”ῐμὲὓὲῧ

170 2229 202 2262 ,0³
