1653 2689
655 96 913 132 —109-

263 193 296 226 3.
323 192 564 234 Laetanturque
587 203 661 226 suos
687 193 834 226 concives
859 192 1016 225 scandere
1042 193 1158 234 caelos,

378 239 519 282 Per-fuga
543 250 622 282 quos
648 242 781 274 daemon
807 243 952 273 traxerat
976 241 1018 272 ad
1044 239 1242 281 barathrum,

469 289 495 316 et
514 285 692 316 collaudant
711 285 810 322 filium
830 284 899 314 Dei.

262 327 294 358 4.
322 325 367 358 Et
387 335 445 358 nos
471 327 606 359 connexi
632 327 768 358 diversis
794 326 939 366 partibus
965 326 1044 358 odas

378 374 530 406 Dicamus
557 374 695 413 Christo,
723 373 776 414 qui
804 374 885 415 regit
908 377 1006 415 astra,
1035 373 1119 405 Deo:

469 417 579 448 Gloria
595 419 684 455 patri
702 422 728 448 et
747 418 810 455 filio
831 423 856 448 et
877 418 1003 454 spiritui
1024 422 1138 448 sancio.

201 515 288 551 Trop.
310 523 363 543 ms.
384 515 538 543 Aeduense
559 524 634 543 saec.
658 513 730 542 ¹⁰l11.
773 516 843 543 Cod.
864 516 991 543 Parisin.
1013 518 1113 544 Arsen.
1138 514 1219 544 1169.
1235 515 1301 543 —1
1326 515 1441 551 „Qu0s“

123 553 240 582 bezieht
260 553 324 581 sich
345 554 399 581 auf
416 553 620 588 „Gaudeamus
641 552 796 582 omnes“.

558 733 627 764 237.
659 734 697 764 In
719 734 831 764 sancti
854 733 1005 771 Georgii.

299 838 329 870 1.
356 837 424 869 Nos
451 837 547 869 hodie
573 835 652 871 laeti
679 838 810 869 colimus
836 843 890 869 tua
917 838 1008 877 festa,
1037 836 1169 879 Georgi,

356 885 546 918 Psalmistae
573 883 682 918 verbis
710 885 882 924 psallentes
909 887 1050 918 earmina
1077 884 1200 919 laudis:

411 929 579 959 Protexisti
599 940 649 963 me,
671 929 768 962 Dens„
791 941 808 957 a
831 935 974 959 rom-enta
999 931 1249 967 maliqnantiemm

293 973 326 1004 2.
354 971 476 1009 Gloria,
505 972 643 1010 Christe,
670 970 742 1011 tibi,
769 972 822 1011 qui
848 981 897 1003 me
924 972 1110 1003 redimendo
1137 970 1240 1005 tulisti

413 1025 433 1043 a
454 1016 644 1045 multitudine
665 1017 854 1053 operantium
877 1017 1073 1053 [niquitatem.

412 1053 573 1083 Psalmus:
595 1054 733 1089 Exaudi,
755 1053 841 1083 Deus
862 1071 899 1076 —
921 1055 1054 1083 mzz'mam
1076 1064 1179 1083 meam.

294 1097 325 1130 3.
353 1096 564 1128 Abscondere
590 1095 667 1129 mihi
691 1096 831 1136 laqueos,
858 1097 915 1127 sed
941 1101 985 1133 tu,
1014 1097 1065 1127 via
1091 1094 1179 1134 iusti,

412 1139 579 1169 Protexisti
601 1150 650 1174 me,
672 1140 769 1175 Deus,
790 1157 827 1161 —
849 1141 1039 1178 operantium
1062 1141 1258 1177 iniquitatenz.

412 1177 520 1208 Gloria
539 1179 624 1215 patri
645 1182 671 1208 et
691 1179 754 1215 filio
776 1195 813 1200 ——
836 1180 957 1208 saecula
979 1179 1175 1208 saeculorum.

293 1222 325 1254 4.
351 1220 441 1252 Haec
467 1223 514 1251 est
543 1220 624 1251 festa
651 1221 742 1262 dies;
770 1230 826 1252 nos
851 1221 967 1261 gaudia
993 1225 1098 1252 mente
1125 1220 1276 1261 ferentes,

353 1268 444 1307 Quod
471 1268 639 1307 psalmista
665 1268 770 1301 bonus
797 1269 922 1305 cecinit,
951 1277 1077 1299 carmen
1105 1273 1307 1307 repetamus:

410 1312 577 1342 Protexisti
596 1321 649 1347 me,
671 1311 766 1346 Deus,
788 1322 806 1340 a
831 1317 975 1342 conventu
997 1312 1228 1350 maliynantium
1250 1316 1300 1342 ete.

202 1411 290 1446 Trop.
313 1419 365 1437 mS.
387 1411 536 1446 Augiense
558 1419 634 1437 sace.
660 1409 702 1437 10.
735 1410 804 1437 Cod.
828 1411 1019 1446 Bambergen.
1041 1410 1087 1437 Ed
1108 1411 1134 1437 V
1155 1409 1180 1437 9.
1195 1425 1232 1430 —
1251 1410 1311 1438 Vor
1331 1408 1348 1437 3
1370 1411 1448 1438 steht

126 1448 337 1476 ausdrucklich
354 1449 460 1484 „Post
473 1448 695 1475 1>sa1mum“;
717 1449 790 1476 nach
806 1446 838 1475 3:
864 1449 1093 1481 „Protexisti
1109 1469 1115 1475 .
1131 1470 1137 1475 .
1153 1449 1240 1475 Post
1253 1449 1383 1476 Gloria
1400 1471 1405 1476 .
1420 1447 1446 1475 .“

125 1488 185 1516 und
206 1487 280 1515 nach
308 1486 343 1520 4,
372 1485 390 1514 2
418 1487 564 1514 abermals
594 1485 805 1521 „I’rotexisti“;
834 1488 896 1514 also
926 1487 1022 1514 wurde
1053 1487 1103 1513 der
1124 1488 1266 1514 Introitus
1292 1490 1356 1519 (vor
1383 1488 1448 1516 dem

124 1526 304 1559 Psalmvers)
324 1525 343 1552 <l
350 1535 364 1552 r
371 1527 404 1553 ei
413 1535 441 1552 m
450 1534 467 1552 a
476 1526 484 1552 l
506 1535 666 1561 gesuugen.

560 1706 630 1736 238.
663 1707 700 1736 111
723 1706 834 1736 'sancti
855 1705 1008 1738 Geraldi.

249 1811 280 1844 1.
310 1811 474 1849 concinat,
501 1820 550 1849 en,
577 1811 715 1843 Domino
741 1814 850 1842 noster
875 1820 958 1842 nunc
985 1815 1094 1842 coetus
1118 1815 1251 1842 ovanter

307 1859 457 1893 Carmine
483 1859 641 1891 Davidico
668 1859 809 1898 psallens
835 1859 867 1890 in
894 1859 989 1891 laude
1016 1859 1165 1890 Geraldi:

396 1904 437 1934 Os
458 1904 533 1934 iusti
553 1903 749 1934 meditabitur
770 1904 962 1939 sapieniiam.

249 1946 281 1978 2.
307 1945 473 1978 Lustrabit
500 1946 617 1986 ingiter
642 1953 722 1986 quae
749 1944 887 1985 flagrans
913 1946 1025 1977 intima
1049 1946 1150 1980 cuius.

397 1995 424 2021 et
443 1990 550 2028 linqua
571 1992 636 2020 eius
657 1991 793 2028 loquetur
812 1991 973 2025 iudicium,

251 2033 282 2066 3.
309 2034 376 2073 Quo
402 2032 454 2073 pie
479 2032 631 2065 iustificet
658 2033 790 2064 devotos
815 2033 884 2064 iure
911 2033 1062 2072 perenni;

398 2078 445 2107 Iex
466 2078 524 2108 Dei
546 2079 610 2107 eius
630 2078 664 2106 in
685 2077 771 2107 eorde
791 2078 900 2114 ipsius,

203 2176 291 2211 Trop.
319 2184 372 2202 me.
399 2176 592 2204 Martialeuse
617 2184 692 2204 saec.
723 2175 766 2202 11.
809 2176 878 2203 cod.
908 2176 1035 2203 Parisin.
1064 2174 1145 2203 1084.
1168 2176 1202 2202 A.
1224 2189 1258 2195 -—
1281 2176 1369 2210 Trop.
1398 2184 1450 2202 ms.

91 2219 94 2222 '
124 2215 318 2242 Martialensc
346 2221 422 2241 saec.
453 2212 496 2241 10.
525 2223 568 2241 ex.
610 2215 680 2241 Cod.
709 2214 836 2242 Parisin.
868 2213 949 2242 1118.
972 2215 1004 2241 B.
1026 2231 1059 2234 —
1084 2215 1170 2251 Trop.
1201 2224 1251 2241 ms.
1275 2216 1303 2241 ὃ,
1325 2214 1448 2240 Martini

124 2254 350 2281 Lemovicensis
371 2261 447 2280 saec.
470 2251 515 2280 11.
536 2253 576 2280 in.
607 2253 681 2280 Cod.
701 2253 828 2280 Parisin.
852 2251 934 2281 1120.
956 2254 989 2282 (J.
1005 2269 1038 2271 —
1054 2254 1142 2289 Trop.
1164 2262 1217 2280 ms.
1240 2254 1268 2280 S.
1287 2252 1451 2285 Martinss‘&

125 2293 348 2320 Lemovicensis
376 2299 452 2319 saec.
484 2290 526 2318 11.
573 2291 644 2320 Cod.
670 2292 797 2320 Parisin.
825 2290 891 2320 887.
920 2293 956 2319 D.
983 2308 1019 2311 —
1048 2292 1136 2328 Trop.
1162 2302 1214 2319 ms.
1239 2291 1451 2319 Moissiacense

125 2339 201 2359 saec.
226 2328 268 2358 11.
311 2329 382 2358 cod.
403 2330 531 2357 Parisin.
554 2331 648 2358 Nouv.
671 2339 734 2366 acq.
758 2329 839 2358 1871.
860 2332 896 2358 Ε.
919 2346 954 2351 -
978 2329 1009 2363 1,
1039 2330 1052 2358 1
1076 2332 1237 2358 Concinate
1260 2331 1291 2358 C.
1315 2345 1349 2349 --
1376 2329 1404 2363 l,
1431 2327 1450 2355 2

126 2370 265 2398 Carmina
287 2369 326 2402 03
348 2368 435 2396 laude
455 2368 609 2396 Benedicti
629 2369 697 2403 CD3
719 2369 766 2397 die
789 2369 917 2405 Stoi-ung
937 2370 988 2397 des
1010 2371 1151 2398 Metrums
1173 2370 1270 2397 verrat
1291 2370 1338 2397 die
1352 2369 1450 2404 Adap-

125 2409 229 2436 tation.
252 2422 290 2426 —
311 2406 329 2435 2
350 2408 518 2443 iugiterque
537 2407 667 2444 flagrans
688 2407 725 2435 E.
746 2423 783 2426 —
804 2406 822 2435 3
841 2408 948 2436 devoto
971 2409 1010 2442 D3
1033 2411 1171 2445 perennis
1192 2409 1256 2436 DE.
