1653 2689
0 72 429 114 1.·÷2·÷†-“²³«¹⁹23’⁰⁸**<=²
531 70 534 77 ²

214 112 273 133 κ’,
452 105 460 116 ’
686 123 732 128 -
782 104 852 140 243
905 125 942 129 -

249 201 345 235 Clara
370 201 469 234 maris
493 201 597 244 stella,
991 202 1099 234 Iudith
1128 202 1253 245 bellica,

295 247 393 282 Lucis
419 249 560 290 specula.
944 250 1079 290 Lignum
1107 252 1190 282 vitae
1217 250 1323 283 ferens

247 297 365 329 Mortis
391 296 625 340 exterminium,
859 298 903 330 20
989 298 1097 330 Arbor
1122 297 1247 336 florida,

247 343 340 377 Salus
365 345 528 384 mentium,
942 346 1053 386 Pigras
1076 355 1167 378 move

165 392 209 425 15
297 391 447 425 Claustra
469 392 615 432 pandens
643 393 762 426 caelica
940 394 1078 434 Mentes‚
1105 393 1178 426 fove

298 439 406 472 Clavis
433 440 600 483 Davidica,
990 443 1096 475 Corda
1122 443 1282 482 languida.

253 487 355 529 Caput
382 488 481 520 hostis
508 493 614 521 tereus

230 572 366 601 cantion.
399 582 450 601 ms.
477 574 557 602 Petri
585 574 620 602 de
645 574 769 602 Medicis
796 575 964 608 (Gallicum)
992 584 1067 603 saen.
1092 573 1135 602 13.
1184 576 1254 603 Cod.
1283 576 1476 603 Laurentian.

153 609 196 640 29.
224 610 248 640 1.
268 627 302 632 —
328 612 436 640 Dieser
457 612 571 648 Tropus
597 613 675 640 steht
697 613 843 640 zwischeu
861 613 951 647 jenen
973 614 1026 641 auf
1043 614 1163 649 Osterm
1190 614 1315 642 deshalb
1337 614 1384 641 die
1407 615 1478 641 Ver-

152 653 285 687 mutung,
308 659 339 678 er
360 651 403 678 sei
426 659 479 678 aus
500 651 551 679 der
564 652 661 678 Messe
682 653 717 679 de
734 653 825 679 Beata
847 656 977 688 tempore
999 652 1142 688 paschali,
1164 653 1222 680 und
1244 661 1321 680 zwar
1337 654 1410 680 iiber
1424 653 1479 680 deu

151 689 262 716 Versus
308 688 530 717 Alleluiaticus:
584 691 713 726 „Virga
765 691 870 718 Iesse
924 690 1071 722 floruit,
1125 692 1240 726 Virgo
1286 693 1398 719 Deum
1445 695 1479 718 et

152 726 336 756 hominem
363 729 506 764 genuit3
533 728 662 756 Pacem
683 730 780 756 Deus
806 729 973 756 reddidit
1004 731 1039 756 in
1066 737 1102 757 se
1125 731 1385 757 reconcilians·
1409 732 1479 757 ima

152 764 327 794 summis“.
369 766 456 794 Mehr
476 766 520 793 als
542 766 723 802 Vermutung
744 767 824 794 kann
848 768 944 795 dieses
969 768 1113 804 vorliiufig
1135 767 1216 795 nicht
1237 770 1310 795 sein.

581 899 650 929 472.
683 900 731 929 De
753 899 863 930 Beata
885 899 996 929 Maria
1018 899 1056 930 V·

179 988 209 1020 1.
252 987 351 1028 Virya
375 987 462 1020 Iesse
485 988 607 1028 floruit,
847 991 878 1021 2.
918 987 1025 1020 Mater
1049 997 1160 1020 carens
1186 989 1274 1025 vitio,

250 1035 346 1068 Cuius
372 1034 430 1066 flos
455 1044 517 1068 non
543 1035 679 1067 marcuit
921 1036 1071 1068 Gaudens
1097 1037 1230 1076 pudoris
1256 1036 1333 1077 lilio,

299 1083 393 1115 Vitae
420 1083 499 1115 dans
525 1083 674 1120 odorem;
991 1084 1074 1115 Nata
1099 1085 1284 1124 genitorem,

251 1131 362 1163 Vellus
388 1140 460 1163 rore
485 1131 618 1170 maduit,
943 1131 1070 1163 Patrem
1097 1132 1197 1172 gignit
1221 1131 1286 1163 filia

249 1178 343 1218 Quod
356 1187 481 1210 sacrum
494 1178 610 1210 flamen
623 1179 786 1219 compluit,
942 1179 1035 1211 Vitae
1060 1178 1167 1210 ferens
1194 1179 1344 1217 remedia,

298 1227 381 1258 Dum
405 1227 492 1266 parit
517 1227 720 1259 salvatorem.
991 1227 1133 1259 Naturae
1159 1230 1283 1258 mutans
1310 1235 1439 1258 morem.

230 1310 313 1339 Cant.
337 1320 390 1338 ms.
409 1311 602 1347 vigorniense
623 1319 699 1339 saec.
717 1310 759 1338 15.
795 1311 864 1339 cod.
880 1312 1025 1339 Oxonien.
1040 1312 1123 1339 Bodl.
1139 1313 1223 1339 Auct.
1239 1313 1260 1339 F
1282 1313 1331 1339 inf.
1357 1311 1379 1338 1.
1400 1311 1426 1339 3.
1443 1326 1478 1330 —

153 1349 314 1377 Vielleieht
334 1350 452 1385 Tropus
481 1350 554 1377 iiber
580 1350 636 1377 den
660 1350 796 1385 gleichen
817 1350 927 1378 Versus
952 1350 1171 1377 Alleluiaticns.
1199 1351 1253 1376 wie
1275 1350 1321 1377 bei
1344 1349 1394 1377 dei·
1415 1358 1479 1376 vor-

152 1387 357 1423 hergehenden
372 1389 423 1415 Nr.
438 1386 502 1416 471.
537 1390 598 1416 Der
620 1388 823 1425 regelmiissige
839 1389 1048 1424 Strophenbau
1070 1390 1109 1415 ist
1129 1389 1288 1424 allerdiiigs
1306 1389 1350 1415 bei
1367 1389 1488 1417 iiltereu‘

153 1426 390 1461 Gradualtropen
413 1427 495 1454 nicht
515 1428 544 1453 in
565 1426 690 1454 Brauch.
712 1441 749 1445 —
770 1427 974 1455 Unmitteibar
996 1428 1048 1454 mit
1066 1427 1288 1454 vorstehendem
1310 1426 1479 1454 verbunden

152 1466 192 1492 ist
214 1465 343 1498 „Sacra
364 1463 489 1500 virgo“
511 1465 572 1499 (Nr.
594 1463 668 1498 473).

580 1596 648 1628 473.
682 1598 730 1627 De
751 1597 861 1627 Beata
883 1597 994 1627 Maria
1015 1596 1054 1627 V.

509 1687 525 1719 1
556 1686 655 1718 Sacra
679 1686 778 1728 viryo,
807 1686 873 1717 Dei
900 1695 976 1718 vera
1003 1685 1128 1719 cellula.

556 1735 667 1768 Puella
692 1735 837 1774 parvula,

558 1782 682 1822 Spiritu
706 1783 915 1822 paupercula,

558 1830 732 1871 Regentem
760 1834 873 1862 cuncta
899 1830 1028 1862 saecula

510 1880 528 1910 5
607 1879 655 1910 Tu
681 1887 758 1910 vero
785 1878 970 1920 concepisti,

606 1927 705 1967 Virgo
729 1927 936 1966 permansisti

653 1975 698 2007 Et
722 1979 796 2016 post
819 1984 982 2014 puerpera

605 2024 730 2056 Intacta
757 2023 972 2063 permansisti.

558 2071 628 2111 Ille,
656 2081 749 2111 quem
775 2082 843 2104 non
869 2072 956 2111 capit

490 2121 531 2154 10
620 2120 718 2152 totius
743 2119 829 2152 orbis
855 2120 1014 2158 machina,

654 2167 698 2199 In
722 2170 781 2200 tua
807 2166 976 2200 salutifera

653 2217 694 2248 Se
719 2216 799 2248 mire
825 2216 943 2249 clausit
966 2215 1101 2248 viscera.

233 2304 371 2331 Cantion.
400 2310 456 2329 ms.
477 2301 674 2337 Vigomiense
699 2309 775 2329 saec.
804 2299 847 2329 15.
893 2301 961 2329 eod.
991 2302 1134 2328 Oxonien.
1157 2300 1240 2327 Bodl.
1269 2302 1351 2327 Anct.
1379 2300 1402 2327 F
1430 2301 1479 2327 inf.

156 2341 180 2371 1.
202 2340 229 2370 3.
249 2356 287 2362 --
308 2343 363 2369 Am
386 2340 528 2369 Schlusse
549 2339 623 2375 folgt
641 2339 684 2373 (in
704 2341 763 2368 Rot
782 2340 1000 2376 geschrieben):
1025 2336 1184 2376 ‚‚[Virgo]
1209 2340 1273 2366 Dei
1295 2341 1480 2373 genetrix,

155 2390 261 2418 quem
289 2383 389 2408 totus
419 2387 490 2406 non
517 2379 618 2414 capit
639 2378 756 2410 orbis,
783 2380 819 2406 in
840 2382 903 2406 tua
925 2388 961 2406 se
983 2378 1125 2406 clausit
1146 2377 1318 2405 visce1·a“.
1360 2378 1421 2405 Das
1444 2378 1483 2404 ist

153 2421 206 2449 der
227 2421 338 2447 Versus
360 2417 578 2452 Alleluiaticus,
599 2416 704 2444 dessen
724 2417 799 2444 Text
821 2417 852 2444 in
873 2417 921 2444 die
942 2418 1127 2453 Tropierung
1146 2417 1302 2444 verwoben
1325 2418 1371 2444 ist.

1250 2463 1307 2492 16*
