1653 2689
704 102 752 116 .-—
803 85 872 117 216
922 101 966 107 -

594 181 637 214 10
712 179 767 212 Sic
790 182 900 211 noster
923 177 1072 211 Elisaeus

664 227 758 260 Vem't
783 235 946 268 reparare,

708 275 790 308 Dum
817 273 854 306 fit
879 274 972 306 homo
997 273 1084 307 Deus

662 323 778 355 Volens
804 323 963 354 collocare

709 370 775 403 Nos
801 370 832 402 in
858 369 975 412 aleria.

259 457 393 484 Cantion.
422 465 473 483 1ης.
501 457 579 483 Petri
607 456 642 483 de
667 455 792 483 Medicis
818 454 986 490 (Gallicum)
1012 463 1087 483 saec.
1118 452 1161 483 13.
1207 455 1276 484 eod.
1305 455 1496 483 Laurentian.

180 495 225 522 Pl.
247 493 292 522 29.
318 494 340 522 1.
362 495 395 522 Α.
417 509 451 512 ψ
475 496 601 526 Flac-ius,
624 495 674 521 ΝΓ-
696 494 801 522 XLVI.
823 495 855 521 B.
876 509 911 513 —
935 491 952 520 6
973 496 1054 521 actor
1073 494 1108 525 A,
1129 493 1235 522 author
1254 495 1287 521 B.
1308 509 1345 514 —
1366 491 1384 520 9
1398 494 1498 521 Vitam

181 535 214 560 B.
234 548 272 552 —
296 532 330 561 12
358 535 434 561 Dum
462 534 499 559 sit
526 534 559 559 A.
580 547 616 552 -—-
638 534 672 560 In
698 533 723 560 A
750 532 837 568 folgt:
868 531 1015 567 ,‚Gloria“.
1035 547 1071 550 —
1092 531 1356 560 Wahrseheinlieh
1383 532 1498 567 Tropus

182 581 246 599 zum
268 572 429 600 Graduale:
460 571 600 603 „Hodie
626 571 781 603 scietis,
808 572 894 606 quia
916 572 1045 598 veniet
1064 572 1246 599 Dominus
1268 573 1303 598 et
1325 570 1499 598 salvabit

179 619 261 642 nos,
288 614 322 637 ct
352 618 453 637 manv
479 609 666 636 videbitis
691 607 850 644 {florium
879 607 987 636 eius“.

568 741 636 771 418.
669 741 707 770 Iu
730 740 920 772 Nativitate
942 740 1099 771 Domini.-

688 801 728 828 In
753 800 986 828 Gallicantu.

206 888 222 919 1
253 887 391 919 Verbum
417 892 508 927 pater
533 888 641 927 {renuit

301 935 513 966 Existentium

299 983 442 1015 Omnium

299 1030 505 1069 Principium.

203 1080 221 1108 5
250 1077 339 1117 Quod
366 1079 467 1109 induit

304 1125 477 1165 Virginalis
505 1126 609 1157 carnis
636 1128 765 1167 vestem,

299 1173 491 1204 Medicinam
528 1173 607 1204 dans
639 1173 808 1205 caelestem

252 1219 391 1256 Homini.
419 1221 471 1260 qui
498 1221 628 1260 languit.

253 1267 323 1299 Hoc
348 1277 407 1307 per
432 1268 541 1300 orbem
568 1269 671 1300 sonuit

892 889 935 921 10
963 887 1129 920 Seminans
1152 896 1260 919 semen

963 935 1183 968 permanentis
1197 938 1268 975 post
1283 935 1389 975 fidem,
1408 943 1497 975 spem

1010 984 1149 1016 Amoris.

964 1031 1028 1063 Cor
1052 1031 1194 1063 fidelium

1011 1079 1100 1110 Intus
1125 1078 1229 1117 ardet,
1257 1077 1335 1110 foris

894 1128 935 1158 15
964 1125 1082 1158 Cursus
1109 1126 1175 1157 sitit
1202 1126 1346 1158 bravium

962 1174 1025 1205 Per
1050 1179 1160 1213 patres
1183 1173 1402 1212 credentium3

1010 1221 1114 1253 Labes
1141 1221 1227 1252 cedit
1253 1221 1371 1252 erroris

964 1269 1027 1300 Per
1054 1268 1142 1300 verbi
1168 1269 1367 1309 mysterium.

259 1351 392 1383 Flac-ius,
422 1354 469 1379 Nr.
498 1353 590 1380 LXII.
619 1367 653 1370 —
683 1351 731 1384 10,
762 1351 779 1379 2
804 1357 871 1388 post
898 1353 983 1385 fehlt;
1013 1354 1063 1379 der
1091 1354 1172 1380 Reim
1202 1355 1240 1380 ist
1270 1355 1441 1380 un1·ein.—
1465 1353 1497 1381 le<

179 1389 266 1417 Pater
296 1391 387 1417 verbi.
420 1405 450 1408 —
486 1390 641 1417 Viclleicht
666 1391 782 1427 Tropus
812 1400 877 1418 zum
904 1392 1013 1418 Versus
1041 1391 1261 1419 Alleluiaticus:
1297 1392 1497 1426 „Dominus

179 1427 282 1455 dixit
310 1428 352 1455 ad
386 1438 451 1455 mn:
481 1429 602 1456 Filius
628 1438 728 1456 meus
757 1438 792 1456 es
820 1433 873 1463 tu3
901 1438 968 1465 ego
994 1429 1105 1457 hodie
1130 1428 1245 1465 qenai
1270 1428 1337 1457 te“.

575 1561 642 1590 411⁹.
676 1561 713 1590 In
736 1560 924 1591 Nativitate
947 1560 1095 1592 Domini.

692 1620 737 1646 Ad
766 1618 792 1646 3.
820 1620 983 1647 Missam.

227 1706 243 1737 1
278 1705 356 1736 Vide
380 1706 567 1745 prophetiae

319 1753 430 1785 Finem
457 1754 660 1796 adimpletae,

272 1800 366 1841 Fugit
393 1802 504 1832 umbra
531 1801 593 1841 die,

318 1849 398 1887 Quia
423 1849 476 1880 lux
502 1851 678 1889 prophetae

226 1898 244 1928 5
271 1895 444 1934 Progenies
471 1901 518 1927 est
545 1897 679 1930 Mariae.

320 1944 371 1976 Ad
398 1945 517 1976 exitum
543 1944 636 1977 huius
660 1949 763 1978 metae

272 1992 419 2023 Tendunt
446 2001 553 2024 omnes
580 1994 659 2025 viae.

272 2039 397 2071 Prodiit
423 2041 512 2072 silice

271 2087 368 2125 Fons,
395 2088 456 2118 mel
482 2089 613 2126 cortice,

201 2135 244 2167 10
271 2135 408 2175 Mystico

321 2183 429 2215 Vellus
456 2184 562 2216 madet
587 2193 677 2226 rore3

369 2231 499 2270 Signum
526 2235 575 2264 est.
599 2232 733 2273 insigne,

366 2279 475 2312 Rubus
503 2281 594 2312 rubet
621 2280 693 2320 igne

319 2327 432 2359 Virens
458 2329 490 2360 in
517 2328 642 2367 rubore,

891 1708 931 1740 15
1008 1708 1105 1748 Virga
1131 1713 1243 1740 vernat
1268 1708 1357 1750 flore,

1007 1755 1105 1796 Virgo
1131 1765 1212 1788 novo
1237 1766 1325 1789 more

1008 1805 1096 1836 Parit
1122 1812 1193 1835 cum
1220 1805 1353 1844 pudore.

960 1850 1064 1883 Solem
1091 1851 1198 1883 sidere

959 1899 1148 1941 Procedere,

888 1948 930 1980 20
958 1946 1097 1988 Fulgere

1010 1995 1097 2037 Vide,
1126 1996 1214 2027 sidus
1240 1996 1413 2037 singulare,

1008 2043 1107 2074 Tuum
1134 2042 1290 2076 salutare.

958 2090 1078 2123 Stellae
1104 2091 1195 2131 signo
1220 2091 1374 2131 fulgidae,

1005 2139 1096 2178 Quod
1123 2139 1229 2172 radiat
1254 2140 1314 2172 hoc
1339 2150 1437 2182 mare,

889 2188 932 2219 25
959 2186 1085 2218 Adi-ide

960 2234 1004 2267 Et
1029 2235 1164 2277 confide⁷

962 2283 1063 2316 Stella
1089 2284 1240 2324 praeside

964 2330 1054 2363 Viam
1080 2332 1257 2374 prehende,

961 2379 1061 2419 Quam
1086 2381 1224 2420 provide
