1653 2689
762 149 1012 186 -260——

632 323 702 354 498.
733 323 773 352 Ιιι
794 322 892 352 unius
915 321 1145 352 confessoris.

555 425 585 455 1.
625 423 718 454 Felix
744 421 879 454 floridae
905 421 1030 460 palmae

624 470 855 502 assimilabitur
880 469 992 506 iustus,

624 519 721 550 altior
747 518 853 549 cedris
879 517 1024 548 omnibus

625 575 663 598 ex
690 566 812 597 meritis
838 565 903 597 suis
930 565 1009 596 vivit

623 615 655 645 in
683 614 778 645 laude
805 613 864 645 Dei
892 613 1044 652 cottidie3

623 666 766 693 sanctum
792 662 899 700 istum,
926 660 1019 692 nobis
1044 664 1080 692 ut
1106 664 1262 701 conterat,

622 719 759 750 oramus,
786 709 994 748 insidiantes3
1023 708 1179 741 Alleluia.

672 776 786 808 Iustus
812 778 847 808 ut
869 775 983 816 palma
1011 774 1138 818 florebit

672 824 716 856 Et
742 826 824 857 sicut
851 823 989 855 liliorum
1016 823 1138 855 candor

229 893 290 924 2a.
327 893 363 923 In
390 891 492 931 gloria
517 890 698 930 splendebit
921 890 981 923 2b.
1017 891 1132 922 Coram
1160 891 1287 922 Christo
1314 889 1420 930 beate,

683 939 727 971 Et
751 939 836 972 sicut
862 947 908 972 ce-

229 1008 288 1039 3a.
324 1007 367 1037 Et
403 1014 458 1037 seu
484 1015 627 1037 rosarum
653 1007 859 1046 pulchritudo
920 1005 981 1038 3b.
1018 1005 1177 1038 Rutilabit
1202 1013 1314 1045 magno
1342 1003 1460 1037 decore

229 1075 249 1105 4
265 1083 292 1104 a.
327 1073 369 1104 Et
395 1073 476 1104 sicut
502 1072 599 1104 arbor
623 1073 767 1113 odorum,
914 1072 977 1104 4b.
1014 1073 1100 1111 Quae
1127 1072 1286 1104 vocitatur
1311 1070 1440 1104 nomine

600 1143 630 1172 5.
673 1139 805 1179 (learns,
832 1139 1112 1178 multiplicabitur.

302 1253 391 1287 Trop.
418 1261 470 1277 ms.
498 1252 691 1287 Sangallense
719 1261 794 1279 saec.
822 1251 867 1279 ll.
893 1252 933 1278 in.
974 1252 1044 1278 Cod.
1067 1252 1235 1287 Sangallen.
1257 1249 1322 1279 381.
1344 1251 1377 1277 A.
1400 1267 1436 1270 —
1457 1251 1547 1287 Trop.

229 1299 281 1316 ms.
304 1291 541 1317 Emmeramense
571 1292 639 1316 anui
670 1288 827 1317 1024—36.
870 1289 941 1315 Clm.
964 1291 1115 1316 Monacen.
1139 1288 1246 1317 14322.
1272 1291 1362 1328 B.“—-
1384 1290 1472 1325 Trop.
1494 1299 1547 1316 ms.

230 1329 413 1355 Eremitense
441 1336 515 1354 saec.
545 1327 588 1354 ll.
630 1329 699 1355 (jod,
726 1329 885 1355 Eremiteu.
919 1326 980 1354 121.
1009 1330 1039 1355 C.
1060 1343 1097 1346 -
1118 1329 1152 1355 In
1179 1329 1204 1355 A
1231 1328 1275 1355 als
1297 1327 1482 1355 Uberschrift
1505 1328 1548 1360 (iu

229 1367 296 1397 Rot)
318 1367 381 1400 „Et
401 1367 499 1393 sicut
523 1366 689 1399 eedrus‘⁴;
712 1369 768 1393 Str.
793 1366 805 1393 1
829 1366 901 1393 fehlt
917 1366 982 1392 dort
999 1366 1057 1392 und
1079 1367 1109 1392 in
1130 1368 1161 1394 C.
1183 1382 1219 1386 —
1240 1366 1284 1394 ‘Ab
1307 1367 1392 1393 beato
1410 1366 1495 1393 ABG.
1512 1383 1546 1386 —

229 1402 271 1431 31)
293 1405 439 1431 Rutilabit
459 1405 489 1430 in
511 1405 544 1436 A,
566 1405 681 1431 Rutilat
706 1406 735 1431 in
758 1405 814 1432 BC.
843 1420 872 1422 ᾼ
892 1405 958 1434 (Die
973 1404 1237 1440 Textlinderungen
1260 1404 1399 1432 entnahm
1420 1404 1467 1431 ich
1482 1405 1548 1431 dem

228 1442 485 1477 vorhergehenden
507 1443 622 1477 Tropus
645 1443 745 1469 Alme
773 1447 808 1469 ot
836 1451 972 1470 summe
1001 1451 1117 1473 sacer,
1146 1443 1197 1470 der
1225 1443 1297 1470 iiber
1325 1442 1390 1469 dem
1411 1442 1547 1477 gleichen

228 1481 363 1507 Versikel
388 1480 444 1515 „Et
464 1481 540 1507 sicut
561 1480 679 1507 cedrus“
703 1481 862 1516 aufgebaut
882 1480 940 1507 und
963 1481 991 1506 in
1014 1483 1070 1507 Str.
1092 1479 1167 1507 ‘2—4
1182 1483 1235 1508 mit
1249 1480 1473 1508 vorstehendem
1490 1481 1547 1507 fast

229 1518 445 1553 gleichlautend
464 1519 519 1547 ist).
536 1533 571 1537 —
587 1517 631 1545 4a
653 1519 770 1545 odorem
793 1521 823 1546 C.
846 1519 961 1552 Anfaug
982 1528 1038 1545 von
1060 1517 1103 1545 2a
1124 1519 1183 1546 und
1204 1517 1255 1551 2b,
1277 1520 1325 1546 die
1347 1518 1421 1545 auch
1443 1520 1474 1545 in
1495 1519 1547 1546 der

228 1557 355 1583 Melodie
382 1557 504 1592 parallel
531 1557 612 1589 sind,
641 1558 712 1583 wird
740 1559 770 1583 in
792 1559 816 1584 A
842 1557 932 1584 durch
961 1558 1007 1583 ein
1030 1558 1147 1584 Initiale
1176 1557 1332 1591 markiert,
1360 1557 1500 1584 wiihrend
1522 1556 1546 1584 B

229 1595 343 1621 einfach
365 1593 577 1622 fortlaufenden
591 1596 669 1622 Text
690 1596 832 1622 aufweist.
853 1609 889 1614 -
912 1595 993 1621 Nach
1015 1594 1059 1622 31>
1081 1596 1139 1622 und
1160 1594 1204 1623 4a
1226 1598 1266 1623 ist
1286 1597 1317 1623 in
1333 1596 1356 1622 Β
1377 1596 1425 1622 ein
1446 1601 1464 1623 e
1486 1596 1547 1622 ein-

228 1636 366 1668 getragen
386 1632 534 1666 (ce-drus).

628 1744 696 1775 4927.
729 1745 767 1774 In
789 1745 885 1775 unius
908 1744 1137 1776 confessoris.

599 1835 628 1867 1.
668 1834 822 1866 Laetetur
846 1835 930 1867 alma

675 1881 813 1913 fidelium
841 1882 992 1921 ecclesiu;

673 1939 731 1970 per
758 1930 875 1962 Christi
903 1939 1018 1970 corpus
1045 1931 1212 1971 redempta

675 1976 752 2009 felix
778 1982 943 2018 permanet
970 1978 1001 2010 in
1028 1979 1166 2018 saecula,

674 2031 784 2065 regnat
811 2027 842 2057 in
868 2026 969 2067 gloria

674 2078 840 2113 perpetua,

674 2122 814 2153 retinens
843 2121 963 2154 caelica

673 2169 703 2200 in
734 2170 924 2202 caelestibus
952 2170 1111 2211 praemia3

722 2217 876 2252 Alleluia.

868 2287 898 2319 2.

225 2362 253 2384 a.
280 2351 390 2384 Iustus
680 2351 711 2384 b.
738 2351 897 2384 Ger-mina
1141 2361 1170 2388 c.
1196 2353 1288 2385 Sicut
1312 2350 1420 2384 lilium

286 2404 316 2432 et
332 2399 493 2439 probitate
508 2398 620 2438 dignus
740 2401 828 2439 pacis
846 2405 878 2432 et
894 2400 979 2432 vitae
998 2400 1081 2432 dona
1200 2404 1232 2432 et
1256 2400 1359 2441 gloria
1383 2407 1541 2436 rosarum.

744 2448 936 2481 hereditabit
