1653 2689
730 157 987 194 —338—

623 253 692 284 677.
724 254 772 283 De
795 252 916 283 sancta
933 250 1102 282 Barbara.

204 324 221 356 1
237 332 265 355 a.
300 323 382 364 Ave,
409 322 564 364 Barbara,
591 322 725 363 insignis
892 321 952 354 1b.
985 320 1110 360 Sponsa
1136 319 1264 361 Christi,
1292 319 1466 352 mediatrix

345 371 422 403 Post
435 372 570 404 Mariam
588 369 645 403 flos
660 369 829 409 virginum,
907 404 913 411 .
1033 368 1117 400 Vera
1143 367 1204 400 Dei
1229 371 1262 398 et
1285 366 1459 407 hominum,

200 440 264 471 2a.
302 438 482 477 Martyrum
508 437 711 478 praeconium
891 435 952 469 2b.
984 434 1086 467 Nobis
1111 435 1144 466 in
1170 433 1323 466 auxilium

346 485 504 526 Virgoque
530 486 655 524 decora,
1033 483 1126 515 Assis
1152 481 1263 514 mortis
1288 481 1377 514 hora.

281 561 389 587 Missae
420 569 487 587 mss.
516 560 727 587 Ambianenses
759 566 833 585 saec.
864 556 936 586 ¹⁶sxo.
963 557 1120 594 Appendix
1140 557 1224 584 Miss.
1245 556 1418 584 Ambianen.
1450 557 1523 591 imp.

203 599 328 626 Parisiis
351 596 431 625 1487.

639 653 708 682 (578.
739 652 788 681 De
809 653 928 682 sancto
950 651 1080 682 Blasio.

654 722 782 761 Martyr
807 722 924 761 gaudet
948 721 980 752 in
1010 721 1120 752 dolore

653 769 773 801 Christi
799 768 952 800 ferventis
978 777 1098 807 amore,

651 818 687 849 ln
715 817 824 848 dolore
850 815 1060 856 confortatur,

652 865 689 896 ln
716 872 822 895 amore
848 864 1027 896 reboratur.

282 941 364 966 Miss.
386 948 439 966 ms.
462 939 630 966 Senonense
651 947 726 965 saec.
751 937 793 965 15.
835 938 905 965 Cod.
928 939 1055 964 I'arisin.
1076 935 1141 965 880.
1163 935 1188 964 2.

622 1032 690 1062 (379.
725 1032 773 1061 De
796 1034 915 1062 sancto
939 1032 1094 1063 Claudio.

210 1103 226 1135 1
243 1112 271 1134 a.
307 1103 424 1140 Quanti
450 1106 577 1134 sanctus
604 1102 645 1133 sit
670 1102 816 1141 nominis,
894 1101 955 1134 1b.
987 1102 1046 1142 Qui
1072 1101 1237 1141 utriusque
1265 1100 1403 1133 hominis

350 1149 470 1181 Mortui
497 1153 665 1189 testantur,
1037 1149 1143 1181 Morte
1168 1148 1372 1182 tenebantur.

604 1218 633 1248 2.
662 1215 742 1247 Nam
771 1215 895 1247 Claudii
920 1216 1042 1247 meritis

711 1262 806 1294 Multi
832 1264 1036 1295 suscitantur.

285 1338 367 1363 Miss.
390 1346 440 1364 seu
461 1339 641 1365 sacrament.
664 1338 820 1364 Aniciense
840 1338 910 1374 imp.
932 1338 1070 1374 Lugduni
1094 1335 1175 1365 1527.
1198 1338 1230 1364 A.
1255 1353 1290 1357 —
1312 1338 1394 1366 Miss.
1414 1339 1524 1374 Lingo-

208 1384 299 1402 nense
321 1376 388 1409 imp.
410 1375 510 1403 Trec1s
534 1374 614 1403 1520.
637 1377 668 1402 B.

612 1469 681 1498 630.
713 1469 761 1498 De
784 1470 904 1500 sancto
927 1469 1123 1499 Francisco.

213 1539 272 1570 1a.
311 1537 433 1576 Gaude,
464 1538 593 1569 lucerna
620 1538 790 1580 Minorum,
901 1538 961 1573 lb.
995 1538 1117 1578 Gaude,
1145 1543 1237 1579 pater
1263 1540 1475 1579 paupertatis,

309 1584 408 1616 Sedes
434 1586 466 1616 in
492 1586 729 1625 seraphieorum
992 1587 1083 1618 Assis
1109 1589 1143 1617 tu
1170 1586 1357 1618 consociatis

357 1631 543 1664 Sanctorum
570 1633 713 1673 collegio.
1042 1634 1111 1665 Hoc
1136 1634 1168 1665 in
1196 1635 1399 1667 monasterio.

212 1701 272 1732 2³.
309 1698 429 1741 Gaude,
456 1700 509 1730 lux
537 1699 734 1738 humilitatis,
899 1700 958 1733 2b.
992 1700 1114 1740 Gaude,
1142 1699 1268 1731 flamma
1294 1702 1449 1742 caritatis,

309 1746 376 1784 Qua
402 1756 484 1778 nunc
510 1747 627 1787 gaudes
647 1756 717 1778 cum
738 1747 837 1778 beatis
991 1750 1059 1788 Qua
1084 1749 1169 1779 luces
1196 1757 1266 1779 cuni
1294 1750 1458 1782 caelibatis

356 1793 457 1826 Valde
483 1804 595 1835 magno
621 1795 746 1834 gaudio.
1041 1797 1076 1827 In
1102 1796 1182 1827 caeli
1209 1796 1340 1836 palatio.

602 1863 633 1893 3.
660 1861 710 1893 lbi
737 1870 820 1892 nunc
843 1860 920 1894 feiix
946 1863 1076 1895 laetaris

660 1908 735 1948 Fac,
761 1913 795 1940 ut
821 1909 960 1942 locemur
986 1920 1056 1942 cum
1083 1911 1165 1942 caris

704 1957 741 1988 In
767 1957 895 1989 caelesti
922 1959 1012 1991 solio.

291 2032 374 2058 Miss.
394 2031 670 2059 Fontisebraldense
691 2033 759 2066 imp.
782 2032 905 2060 Parisiis
928 2032 1009 2061 1606.
1031 2048 1067 2051 —
1088 2032 1116 2066 3,
1140 2032 1152 2061 1
1175 2035 1252 2062 Tibi.

630 2124 698 2154 (381.
730 2125 779 2154 De
801 2128 920 2157 saneto
943 2127 1114 2159 Gabriele.

218 2194 278 2227 la.
313 2193 421 2225 Fortis
447 2203 574 2234 praeco,
902 2197 962 2231 1b.
994 2198 1036 2230 Et
1062 2199 1222 2230 interdum

359 2250 467 2273 omnes
494 2242 702 2274 communiter
1044 2247 1200 2279 vincimur
1226 2248 1384 2288 turpiter;

313 2290 539 2330 Impugnamur
996 2293 1059 2326 Sed
1086 2295 1161 2326 iuva
1186 2304 1244 2327 nos

359 2337 398 2368 ab
425 2338 515 2369 hoste
542 2336 666 2369 fortiter
1044 2343 1305 2375 misericorditer.

293 2413 375 2440 Miss.
406 2422 456 2440 ms.
491 2413 741 2441 Guillermitarum
772 2414 982 2444 Parisiensium
1012 2426 1090 2449 saec.
1121 2416 1163 2445 14.
1212 2417 1282 2445 cod.
1310 2418 1438 2447 Parisin.
1466 2419 1532 2448 834.

217 2452 251 2480 A.
273 2466 310 2470 —
329 2451 412 2478 Miss.
435 2454 602 2480 Senonense
623 2453 691 2486 imp.
714 2452 877 2481 Senonibus
902 2454 982 2482 1556.
1006 2457 1036 2483 B.
