<?xml version="1.0" encoding="UTF-8"?>
<!DOCTYPE html PUBLIC "-//W3C//DTD XHTML 1.0 Transitional//EN"
    "http://www.w3.org/TR/xhtml1/DTD/xhtml1-transitional.dtd">
<html xmlns="http://www.w3.org/1999/xhtml" xml:lang="en" lang="en">
 <head>
  <title>
</title>
<meta http-equiv="Content-Type" content="text/html;charset=utf-8" />
  <meta name='ocr-system' content='tesseract 3.04.00' />
  <meta name='ocr-capabilities' content='ocr_page ocr_carea ocr_par ocr_line ocrx_word'/>
</head>
<body>
  <div class='ocr_page' id='page_1' title='image "./analectahymnica49drevuoft_0265.png"; bbox 0 0 1653 2689; ppageno 0'>
   <div class='ocr_carea' id='block_1_1' title="bbox 766 136 1026 172">
    <p class='ocr_par' dir='ltr' id='par_1_1' title="bbox 766 136 1026 172">
     <span class='ocr_line' id='line_1_1' title="bbox 766 136 1026 172; baseline 0.004 -1"><span class='ocrx_word' id='word_1_1' title='bbox 766 156 810 160; x_wconf 97' lang='lat'><strong>—</strong></span> <span class='ocrx_word' id='word_1_2' title='bbox 861 136 1026 172; x_wconf 85' lang='lat'>262—</span> 
     </span>
    </p>
   </div>
   <div class='ocr_carea' id='block_1_2' title="bbox 1191 108 1583 232">
    <p class='ocr_par' dir='ltr' id='par_1_2' title="bbox 1191 108 1583 232">
     <span class='ocr_line' id='line_1_2' title="bbox 1191 108 1583 232; baseline 0 2457"><span class='ocrx_word' id='word_1_3' title='bbox 1191 108 1583 232; x_wconf 95' lang='lat' dir='ltr'> </span> 
     </span>
    </p>
   </div>
   <div class='ocr_carea' id='block_1_3' title="bbox 631 325 1145 358">
    <p class='ocr_par' dir='ltr' id='par_1_3' title="bbox 631 325 1145 358">
     <span class='ocr_line' id='line_1_3' title="bbox 631 325 1145 358; baseline 0 -2"><span class='ocrx_word' id='word_1_4' title='bbox 631 327 775 358; x_wconf 79' lang='grc' dir='ltr'><strong>590.1ιι</strong></span> <span class='ocrx_word' id='word_1_5' title='bbox 798 325 896 356; x_wconf 80' lang='lat' dir='ltr'>unius</span> <span class='ocrx_word' id='word_1_6' title='bbox 917 325 1145 356; x_wconf 72' lang='lat' dir='ltr'>confessoris.</span> 
     </span>
    </p>
   </div>
   <div class='ocr_carea' id='block_1_4' title="bbox 280 434 1213 474">
    <p class='ocr_par' dir='ltr' id='par_1_4' title="bbox 280 434 1213 474">
     <span class='ocr_line' id='line_1_4' title="bbox 280 434 1213 474; baseline -0.003 -6"><span class='ocrx_word' id='word_1_7' title='bbox 280 436 295 468; x_wconf 93' lang='lat'>1</span> <span class='ocrx_word' id='word_1_8' title='bbox 326 435 491 468; x_wconf 86' lang='lat' dir='ltr'><strong>Ecclesiae</strong></span> <span class='ocrx_word' id='word_1_9' title='bbox 1014 434 1055 466; x_wconf 90' lang='lat' dir='ltr'>Se</span> <span class='ocrx_word' id='word_1_10' title='bbox 1080 434 1213 474; x_wconf 88' lang='lat' dir='ltr'>proprio</span> 
     </span>
    </p>
   </div>
   <div class='ocr_carea' id='block_1_5' title="bbox 259 482 1442 1001">
    <p class='ocr_par' dir='ltr' id='par_1_5' title="bbox 259 482 1442 1001">
     <span class='ocr_line' id='line_1_5' title="bbox 329 482 1174 515; baseline -0.004 0"><span class='ocrx_word' id='word_1_11' title='bbox 329 485 397 515; x_wconf 87' lang='lat' dir='ltr'>Vox</span> <span class='ocrx_word' id='word_1_12' title='bbox 424 483 519 514; x_wconf 88' lang='lat' dir='ltr'>hodie</span> <span class='ocrx_word' id='word_1_13' title='bbox 1014 482 1174 515; x_wconf 88' lang='lat' dir='ltr'>Scrutinio</span> 
     </span>
     <span class='ocr_line' id='line_1_6' title="bbox 375 530 1242 564; baseline -0.003 -1"><span class='ocrx_word' id='word_1_14' title='bbox 375 531 547 563; x_wconf 84' lang='lat' dir='ltr'>Sollemnia</span> <span class='ocrx_word' id='word_1_15' title='bbox 944 531 986 564; x_wconf 88' lang='lat'>15</span> <span class='ocrx_word' id='word_1_16' title='bbox 1059 530 1242 563; x_wconf 87' lang='lat' dir='ltr'>Examinet,</span> 
     </span>
     <span class='ocr_line' id='line_1_7' title="bbox 422 577 1254 618; baseline 0 -9"><span class='ocrx_word' id='word_1_17' title='bbox 422 578 508 610; x_wconf 79' lang='lat' dir='ltr'>Iusti</span> <span class='ocrx_word' id='word_1_18' title='bbox 534 582 716 618; x_wconf 78' lang='lat' dir='ltr'>recenseat3</span> <span class='ocrx_word' id='word_1_19' title='bbox 1015 577 1111 618; x_wconf 87' lang='lat' dir='ltr'><strong>Spem</strong></span> <span class='ocrx_word' id='word_1_20' title='bbox 1137 577 1254 609; x_wconf 85' lang='lat' dir='ltr'>caritas</span> 
     </span>
     <span class='ocr_line' id='line_1_8' title="bbox 287 626 1206 666; baseline -0.002 -8"><span class='ocrx_word' id='word_1_21' title='bbox 287 629 304 658; x_wconf 77' lang='lat'>5</span> <span class='ocrx_word' id='word_1_22' title='bbox 381 626 530 658; x_wconf 84' lang='lat' dir='ltr'>Subsidia</span> <span class='ocrx_word' id='word_1_23' title='bbox 1063 626 1206 666; x_wconf 83' lang='lat' dir='ltr'>Nutriat‚</span> 
     </span>
     <span class='ocr_line' id='line_1_9' title="bbox 329 672 1277 712; baseline 0 -8"><span class='ocrx_word' id='word_1_24' title='bbox 329 673 510 705; x_wconf 75' lang='lat' dir='ltr'>Virtutibus</span> <span class='ocrx_word' id='word_1_25' title='bbox 1015 673 1116 712; x_wconf 78' lang='lat' dir='ltr'>Quam</span> <span class='ocrx_word' id='word_1_26' title='bbox 1141 672 1277 704; x_wconf 81' lang='lat' dir='ltr'>firmitas</span> 
     </span>
     <span class='ocr_line' id='line_1_10' title="bbox 329 720 1315 754; baseline 0 -1"><span class='ocrx_word' id='word_1_27' title='bbox 329 722 372 753; x_wconf 82' lang='lat' dir='ltr'>Et</span> <span class='ocrx_word' id='word_1_28' title='bbox 398 720 547 753; x_wconf 81' lang='lat' dir='ltr'>laudibus</span> <span class='ocrx_word' id='word_1_29' title='bbox 1063 720 1156 752; x_wconf 89' lang='lat' dir='ltr'>Fidei</span> <span class='ocrx_word' id='word_1_30' title='bbox 1183 722 1315 754; x_wconf 83' lang='lat' dir='ltr'>muniat.</span> 
     </span>
     <span class='ocr_line' id='line_1_11' title="bbox 425 767 1224 802; baseline -0.001 -2"><span class='ocrx_word' id='word_1_31' title='bbox 425 768 588 802; x_wconf 83' lang='lat' dir='ltr'>obtineat.</span> <span class='ocrx_word' id='word_1_32' title='bbox 947 770 992 801; x_wconf 83' lang='lat'>20</span> <span class='ocrx_word' id='word_1_33' title='bbox 1019 767 1224 800; x_wconf 78' lang='lat' dir='ltr'>sollemnitas</span> 
     </span>
     <span class='ocr_line' id='line_1_12' title="bbox 328 815 1442 856; baseline -0.001 -8"><span class='ocrx_word' id='word_1_34' title='bbox 328 816 488 848; x_wconf 88' lang='lat' dir='ltr'>Fidelium</span> <span class='ocrx_word' id='word_1_35' title='bbox 1063 815 1201 848; x_wconf 90' lang='lat' dir='ltr'>Domino</span> <span class='ocrx_word' id='word_1_36' title='bbox 1227 816 1274 847; x_wconf 87' lang='lat' dir='ltr'>sic</span> <span class='ocrx_word' id='word_1_37' title='bbox 1298 816 1442 856; x_wconf 85' lang='lat' dir='ltr'>placeat;</span> 
     </span>
     <span class='ocr_line' id='line_1_13' title="bbox 259 863 1197 897; baseline -0.001 0"><span class='ocrx_word' id='word_1_38' title='bbox 259 866 302 897; x_wconf 88' lang='grc'>10</span> <span class='ocrx_word' id='word_1_39' title='bbox 329 865 419 897; x_wconf 72' lang='lat' dir='ltr'>Sicut</span> <span class='ocrx_word' id='word_1_40' title='bbox 445 863 550 895; x_wconf 81' lang='lat' dir='ltr'>lilium</span> <span class='ocrx_word' id='word_1_41' title='bbox 1062 863 1197 896; x_wconf 75' lang='lat' dir='ltr'><em>Floreat</em></span> 
     </span>
     <span class='ocr_line' id='line_1_14' title="bbox 378 911 1262 946; baseline -0.002 -3"><span class='ocrx_word' id='word_1_42' title='bbox 378 911 513 943; x_wconf 83' lang='lat' dir='ltr'>Devotio</span> <span class='ocrx_word' id='word_1_43' title='bbox 1015 911 1059 943; x_wconf 74' lang='lat' dir='ltr'>In</span> <span class='ocrx_word' id='word_1_44' title='bbox 1083 914 1262 946; x_wconf 79' lang='lat' dir='ltr'>aeternum,</span> 
     </span>
     <span class='ocr_line' id='line_1_15' title="bbox 424 958 599 1001; baseline -0.006 -11"><span class='ocrx_word' id='word_1_45' title='bbox 424 958 599 1001; x_wconf 74' lang='lat' dir='ltr'>Germinet,</span> 
     </span>
    </p>
   </div>
   <div class='ocr_carea' id='block_1_6' title="bbox 234 1070 1554 1181">
    <p class='ocr_par' dir='ltr' id='par_1_6' title="bbox 234 1070 1554 1181">
     <span class='ocr_line' id='line_1_16' title="bbox 314 1070 1552 1107; baseline -0.001 -8"><span class='ocrx_word' id='word_1_46' title='bbox 314 1072 448 1099; x_wconf 83' lang='lat' dir='ltr'>Cantion.</span> <span class='ocrx_word' id='word_1_47' title='bbox 470 1081 521 1098; x_wconf 68' lang='lat' dir='ltr'>ms,</span> <span class='ocrx_word' id='word_1_48' title='bbox 543 1072 622 1099; x_wconf 80' lang='lat' dir='ltr'>Petri</span> <span class='ocrx_word' id='word_1_49' title='bbox 646 1072 681 1099; x_wconf 83' lang='lat' dir='ltr'>de</span> <span class='ocrx_word' id='word_1_50' title='bbox 703 1071 826 1099; x_wconf 80' lang='lat' dir='ltr'>Medicis</span> <span class='ocrx_word' id='word_1_51' title='bbox 839 1071 1009 1107; x_wconf 82' lang='lat' dir='ltr'>(Gallicum)</span> <span class='ocrx_word' id='word_1_52' title='bbox 1028 1082 1103 1100; x_wconf 82' lang='lat' dir='ltr'>saec.</span> <span class='ocrx_word' id='word_1_53' title='bbox 1128 1070 1170 1099; x_wconf 86' lang='lat'>13.</span> <span class='ocrx_word' id='word_1_54' title='bbox 1207 1071 1277 1099; x_wconf 87' lang='lat' dir='ltr'><strong>Cod.</strong></span> <span class='ocrx_word' id='word_1_55' title='bbox 1295 1073 1486 1099; x_wconf 82' lang='lat' dir='ltr'>Laurentian.</span> <span class='ocrx_word' id='word_1_56' title='bbox 1508 1071 1552 1098; x_wconf 89' lang='lat' dir='ltr'>Pl.</span> 
     </span>
     <span class='ocr_line' id='line_1_17' title="bbox 235 1107 1554 1138; baseline 0.001 -2"><span class='ocrx_word' id='word_1_57' title='bbox 235 1108 282 1137; x_wconf 79' lang='lat'>29.</span> <span class='ocrx_word' id='word_1_58' title='bbox 307 1110 330 1137; x_wconf 95' lang='grc'>1.</span> <span class='ocrx_word' id='word_1_59' title='bbox 352 1112 386 1137; x_wconf 84' lang='grc' dir='ltr'>Α.</span> <span class='ocrx_word' id='word_1_60' title='bbox 409 1124 444 1129; x_wconf 53' lang='lat'>⁶—-</span> <span class='ocrx_word' id='word_1_61' title='bbox 467 1110 600 1136; x_wconf 84' lang='lat' dir='ltr'>Cantion.</span> <span class='ocrx_word' id='word_1_62' title='bbox 623 1119 674 1136; x_wconf 85' lang='lat' dir='ltr'>ms.</span> <span class='ocrx_word' id='word_1_63' title='bbox 697 1111 872 1137; x_wconf 80' lang='lat' dir='ltr'>Toletanum</span> <span class='ocrx_word' id='word_1_64' title='bbox 894 1119 969 1138; x_wconf 84' lang='lat' dir='ltr'>saec.</span> <span class='ocrx_word' id='word_1_65' title='bbox 988 1109 1031 1138; x_wconf 86' lang='lat'>13.</span> <span class='ocrx_word' id='word_1_66' title='bbox 1053 1121 1098 1138; x_wconf 85' lang='lat' dir='ltr'>ex.</span> <span class='ocrx_word' id='word_1_67' title='bbox 1133 1111 1205 1137; x_wconf 86' lang='lat' dir='ltr'>Cod.</span> <span class='ocrx_word' id='word_1_68' title='bbox 1219 1111 1372 1138; x_wconf 83' lang='lat' dir='ltr'>Matriten.</span> <span class='ocrx_word' id='word_1_69' title='bbox 1387 1110 1482 1138; x_wconf 86' lang='lat' dir='ltr'>Tolet.</span> <span class='ocrx_word' id='word_1_70' title='bbox 1496 1107 1554 1137; x_wconf 84' lang='lat'>930</span> 
     </span>
     <span class='ocr_line' id='line_1_18' title="bbox 234 1147 1553 1181; baseline -0.001 -6"><span class='ocrx_word' id='word_1_71' title='bbox 234 1147 377 1181; x_wconf 59' lang='grc'><strong>(33--230,</strong></span> <span class='ocrx_word' id='word_1_72' title='bbox 403 1150 431 1175; x_wconf 76' lang='grc' dir='ltr'>Β.</span> <span class='ocrx_word' id='word_1_73' title='bbox 454 1163 490 1165; x_wconf 86' lang='grc'><strong>-</strong></span> <span class='ocrx_word' id='word_1_74' title='bbox 511 1149 643 1180; x_wconf 56' lang='lat' dir='ltr'>Elateius,</span> <span class='ocrx_word' id='word_1_75' title='bbox 666 1149 715 1175; x_wconf 65' lang='grc' dir='ltr'>ΝΥ.</span> <span class='ocrx_word' id='word_1_76' title='bbox 738 1149 899 1176; x_wconf 81' lang='lat' dir='ltr'>CXXXIV.</span> <span class='ocrx_word' id='word_1_77' title='bbox 920 1151 951 1177; x_wconf 76' lang='lat' dir='ltr'>U.</span> <span class='ocrx_word' id='word_1_78' title='bbox 973 1164 1010 1168; x_wconf 90' lang='lat'>—</span> <span class='ocrx_word' id='word_1_79' title='bbox 1031 1147 1048 1176; x_wconf 80' lang='lat'>2</span> <span class='ocrx_word' id='word_1_80' title='bbox 1069 1150 1114 1176; x_wconf 80' lang='lat' dir='ltr'>Ex</span> <span class='ocrx_word' id='word_1_81' title='bbox 1136 1149 1222 1176; x_wconf 85' lang='lat' dir='ltr'>hodie</span> <span class='ocrx_word' id='word_1_82' title='bbox 1244 1149 1276 1176; x_wconf 86' lang='lat' dir='ltr'>C·</span> <span class='ocrx_word' id='word_1_83' title='bbox 1292 1164 1327 1168; x_wconf 93' lang='lat'>—-</span> <span class='ocrx_word' id='word_1_84' title='bbox 1344 1147 1362 1175; x_wconf 86' lang='lat'>4</span> <span class='ocrx_word' id='word_1_85' title='bbox 1383 1150 1481 1176; x_wconf 81' lang='lat' dir='ltr'>Iustus</span> <span class='ocrx_word' id='word_1_86' title='bbox 1495 1147 1553 1180; x_wconf 86' lang='lat' dir='ltr'>BC,</span> 
     </span>
    </p>
   </div>
   <div class='ocr_carea' id='block_1_7' title="bbox 236 1185 1553 1299">
    <p class='ocr_par' dir='ltr' id='par_1_7' title="bbox 236 1185 1553 1299">
     <span class='ocr_line' id='line_1_19' title="bbox 236 1185 1552 1223; baseline -0.001 -10"><span class='ocrx_word' id='word_1_87' title='bbox 236 1190 400 1213; x_wconf 74' lang='lat' dir='ltr'>resenserat</span> <span class='ocrx_word' id='word_1_88' title='bbox 429 1186 460 1212; x_wconf 86' lang='lat' dir='ltr'>B.</span> <span class='ocrx_word' id='word_1_89' title='bbox 483 1200 519 1204; x_wconf 92' lang='lat'>—</span> <span class='ocrx_word' id='word_1_90' title='bbox 547 1185 564 1212; x_wconf 82' lang='lat'>5</span> <span class='ocrx_word' id='word_1_91' title='bbox 593 1187 750 1214; x_wconf 62' lang='lat' dir='ltr'>Subsideat</span> <span class='ocrx_word' id='word_1_92' title='bbox 774 1187 832 1212; x_wconf 85' lang='lat' dir='ltr'>BC.</span> <span class='ocrx_word' id='word_1_93' title='bbox 861 1202 895 1206; x_wconf 95' lang='lat'>—</span> <span class='ocrx_word' id='word_1_94' title='bbox 920 1186 955 1214; x_wconf 83' lang='lat'>13</span> <span class='ocrx_word' id='word_1_95' title='bbox 976 1188 1033 1215; x_wconf 77' lang='lat' dir='ltr'>Sed</span> <span class='ocrx_word' id='word_1_96' title='bbox 1062 1188 1181 1223; x_wconf 77' lang='lat' dir='ltr'>proprio</span> <span class='ocrx_word' id='word_1_97' title='bbox 1210 1186 1242 1213; x_wconf 88' lang='lat' dir='ltr'>C.</span> <span class='ocrx_word' id='word_1_98' title='bbox 1264 1202 1301 1204; x_wconf 96' lang='lat'><strong>—</strong></span> <span class='ocrx_word' id='word_1_99' title='bbox 1328 1185 1363 1213; x_wconf 87' lang='lat'>15</span> <span class='ocrx_word' id='word_1_100' title='bbox 1392 1187 1552 1213; x_wconf 81' lang='lat' dir='ltr'>Examinat</span> 
     </span>
     <span class='ocr_line' id='line_1_20' title="bbox 237 1222 1551 1260; baseline -0.001 -9"><span class='ocrx_word' id='word_1_101' title='bbox 237 1224 266 1251; x_wconf 89' lang='lat' dir='ltr'>C.</span> <span class='ocrx_word' id='word_1_102' title='bbox 290 1239 326 1243; x_wconf 84' lang='lat'>—</span> <span class='ocrx_word' id='word_1_103' title='bbox 350 1224 384 1251; x_wconf 89' lang='grc'>16</span> <span class='ocrx_word' id='word_1_104' title='bbox 406 1225 538 1250; x_wconf 79' lang='lat' dir='ltr'>caritatis</span> <span class='ocrx_word' id='word_1_105' title='bbox 553 1226 586 1251; x_wconf 90' lang='lat' dir='ltr'>A.</span> <span class='ocrx_word' id='word_1_106' title='bbox 608 1239 644 1243; x_wconf 93' lang='lat'>—</span> <span class='ocrx_word' id='word_1_107' title='bbox 667 1223 699 1251; x_wconf 85' lang='lat'>21</span> <span class='ocrx_word' id='word_1_108' title='bbox 718 1225 781 1251; x_wconf 86' lang='lat' dir='ltr'>Deo</span> <span class='ocrx_word' id='word_1_109' title='bbox 799 1226 831 1251; x_wconf 81' lang='lat' dir='ltr'>C.</span> <span class='ocrx_word' id='word_1_110' title='bbox 852 1239 888 1243; x_wconf 91' lang='lat'>—</span> <span class='ocrx_word' id='word_1_111' title='bbox 904 1226 949 1252; x_wconf 88' lang='lat' dir='ltr'>An</span> <span class='ocrx_word' id='word_1_112' title='bbox 965 1226 1102 1253; x_wconf 85' lang='lat' dir='ltr'>Schlusse</span> <span class='ocrx_word' id='word_1_113' title='bbox 1117 1225 1190 1260; x_wconf 83' lang='lat' dir='ltr'>folgt</span> <span class='ocrx_word' id='word_1_114' title='bbox 1204 1225 1295 1251; x_wconf 88' lang='lat' dir='ltr'>noch:</span> <span class='ocrx_word' id='word_1_115' title='bbox 1319 1225 1376 1259; x_wconf 84' lang='lat' dir='ltr'>„Et</span> <span class='ocrx_word' id='word_1_116' title='bbox 1389 1222 1551 1252; x_wconf 85' lang='lat' dir='ltr'>florebunt“</span> 
     </span>
     <span class='ocr_line' id='line_1_21' title="bbox 237 1261 1553 1299; baseline 0 -10"><span class='ocrx_word' id='word_1_117' title='bbox 237 1264 276 1295; x_wconf 81' lang='grc' dir='ltr'>Α,</span> <span class='ocrx_word' id='word_1_118' title='bbox 313 1262 369 1297; x_wconf 81' lang='lat' dir='ltr'>„Et</span> <span class='ocrx_word' id='word_1_119' title='bbox 402 1261 533 1289; x_wconf 79' lang='lat' dir='ltr'>florebit“</span> <span class='ocrx_word' id='word_1_120' title='bbox 567 1263 597 1289; x_wconf 87' lang='lat' dir='ltr'>C.</span> <span class='ocrx_word' id='word_1_121' title='bbox 628 1277 664 1280; x_wconf 97' lang='lat'><strong>—</strong></span> <span class='ocrx_word' id='word_1_122' title='bbox 697 1262 839 1289; x_wconf 79' lang='lat' dir='ltr'>Sichtlieh</span> <span class='ocrx_word' id='word_1_123' title='bbox 871 1265 919 1290; x_wconf 91' lang='lat' dir='ltr'>ein</span> <span class='ocrx_word' id='word_1_124' title='bbox 949 1264 1063 1299; x_wconf 86' lang='lat' dir='ltr'>Tropus</span> <span class='ocrx_word' id='word_1_125' title='bbox 1093 1272 1158 1291; x_wconf 82' lang='lat' dir='ltr'>zum</span> <span class='ocrx_word' id='word_1_126' title='bbox 1190 1263 1301 1290; x_wconf 81' lang='lat' dir='ltr'>Versus</span> <span class='ocrx_word' id='word_1_127' title='bbox 1329 1263 1553 1290; x_wconf 83' lang='lat' dir='ltr'>Alleluiaticus:</span> 
     </span>
    </p>
   </div>
   <div class='ocr_carea' id='block_1_8' title="bbox 239 1299 1553 1365">
    <p class='ocr_par' dir='ltr' id='par_1_8' title="bbox 239 1299 1553 1365">
     <span class='ocr_line' id='line_1_22' title="bbox 239 1299 1553 1336; baseline 0.001 -9"><span class='ocrx_word' id='word_1_128' title='bbox 239 1302 386 1334; x_wconf 70' lang='lat' dir='ltr'>„Iustus</span> <span class='ocrx_word' id='word_1_129' title='bbox 415 1301 650 1333; x_wconf 74' lang='lat' dir='ltr'>germinabit</span> <span class='ocrx_word' id='word_1_130' title='bbox 678 1302 778 1328; x_wconf 89' lang='lat' dir='ltr'>sicut</span> <span class='ocrx_word' id='word_1_131' title='bbox 804 1301 935 1328; x_wconf 83' lang='lat' dir='ltr'>lilium</span> <span class='ocrx_word' id='word_1_132' title='bbox 956 1304 987 1329; x_wconf 71' lang='lat' dir='ltr'>et</span> <span class='ocrx_word' id='word_1_133' title='bbox 1008 1299 1172 1336; x_wconf 72' lang='lat' dir='ltr'>florebit</span> <span class='ocrx_word' id='word_1_134' title='bbox 1193 1302 1229 1328; x_wconf 89' lang='lat' dir='ltr'>in</span> <span class='ocrx_word' id='word_1_135' title='bbox 1253 1305 1446 1329; x_wconf 84' lang='lat' dir='ltr'>aeternum</span> <span class='ocrx_word' id='word_1_136' title='bbox 1468 1303 1553 1328; x_wconf 82' lang='lat' dir='ltr'>ante</span> 
     </span>
     <span class='ocr_line' id='line_1_23' title="bbox 239 1339 464 1365; baseline -0.009 0"><span class='ocrx_word' id='word_1_137' title='bbox 239 1339 464 1365; x_wconf 75' lang='lat' dir='ltr'>Dominuin.·⁴</span> 
     </span>
    </p>
   </div>
   <div class='ocr_carea' id='block_1_9' title="bbox 643 1478 1150 1510">
    <p class='ocr_par' dir='ltr' id='par_1_9' title="bbox 643 1478 1150 1510">
     <span class='ocr_line' id='line_1_24' title="bbox 643 1478 1150 1510; baseline 0.006 -4"><span class='ocrx_word' id='word_1_138' title='bbox 643 1478 710 1510; x_wconf 87' lang='grc'><strong>591.</strong></span> <span class='ocrx_word' id='word_1_139' title='bbox 744 1479 782 1508; x_wconf 92' lang='lat' dir='ltr'>In</span> <span class='ocrx_word' id='word_1_140' title='bbox 805 1479 901 1509; x_wconf 83' lang='lat' dir='ltr'>unius</span> <span class='ocrx_word' id='word_1_141' title='bbox 924 1479 1150 1510; x_wconf 81' lang='lat' dir='ltr'>Confessoris.</span> 
     </span>
    </p>
   </div>
   <div class='ocr_carea' id='block_1_10' title="bbox 266 1585 1556 2200">
    <p class='ocr_par' dir='ltr' id='par_1_10' title="bbox 291 1585 1494 1631">
     <span class='ocr_line' id='line_1_25' title="bbox 291 1585 1494 1631; baseline 0.001 -13"><span class='ocrx_word' id='word_1_142' title='bbox 291 1588 305 1618; x_wconf 92' lang='lat'>1</span> <span class='ocrx_word' id='word_1_143' title='bbox 338 1586 386 1624; x_wconf 72' lang='lat' dir='ltr'>Ex</span> <span class='ocrx_word' id='word_1_144' title='bbox 411 1586 489 1624; x_wconf 78' lang='lat' dir='ltr'>flore</span> <span class='ocrx_word' id='word_1_145' title='bbox 514 1586 634 1625; x_wconf 83' lang='lat' dir='ltr'>gratiae</span> <span class='ocrx_word' id='word_1_146' title='bbox 1022 1588 1084 1619; x_wconf 86' lang='lat' dir='ltr'>Per</span> <span class='ocrx_word' id='word_1_147' title='bbox 1109 1587 1169 1618; x_wconf 89' lang='lat' dir='ltr'>hoc</span> <span class='ocrx_word' id='word_1_148' title='bbox 1198 1585 1347 1631; x_wconf 87' lang='lat' dir='ltr'>[studuit]</span> <span class='ocrx_word' id='word_1_149' title='bbox 1375 1588 1494 1619; x_wconf 86' lang='lat' dir='ltr'>habere</span> 
     </span>
    </p>

    <p class='ocr_par' dir='ltr' id='par_1_11' title="bbox 336 1632 1556 1765">
     <span class='ocr_line' id='line_1_26' title="bbox 336 1632 1443 1675; baseline 0.003 -10"><span class='ocrx_word' id='word_1_150' title='bbox 336 1634 423 1665; x_wconf 85' lang='lat' dir='ltr'>Tuae</span> <span class='ocrx_word' id='word_1_151' title='bbox 449 1632 686 1664; x_wconf 85' lang='lat' dir='ltr'>misericordiae</span> <span class='ocrx_word' id='word_1_152' title='bbox 951 1636 992 1667; x_wconf 88' lang='grc'>15</span> <span class='ocrx_word' id='word_1_153' title='bbox 1021 1635 1208 1668; x_wconf 79' lang='lat' dir='ltr'>claritatem</span> <span class='ocrx_word' id='word_1_154' title='bbox 1231 1635 1311 1666; x_wconf 88' lang='lat' dir='ltr'>lucis</span> <span class='ocrx_word' id='word_1_155' title='bbox 1338 1645 1443 1675; x_wconf 85' lang='lat' dir='ltr'>verae,</span> 
     </span>
     <span class='ocr_line' id='line_1_27' title="bbox 383 1681 1556 1723; baseline 0.002 -10"><span class='ocrx_word' id='word_1_156' title='bbox 383 1681 498 1713; x_wconf 87' lang='lat' dir='ltr'>Servus</span> <span class='ocrx_word' id='word_1_157' title='bbox 525 1686 596 1712; x_wconf 84' lang='lat' dir='ltr'>tuus</span> <span class='ocrx_word' id='word_1_158' title='bbox 622 1681 694 1723; x_wconf 85' lang='lat' dir='ltr'>iste,</span> <span class='ocrx_word' id='word_1_159' title='bbox 1022 1683 1109 1721; x_wconf 85' lang='lat' dir='ltr'>Quae</span> <span class='ocrx_word' id='word_1_160' title='bbox 1134 1691 1261 1722; x_wconf 85' lang='lat' dir='ltr'>semper</span> <span class='ocrx_word' id='word_1_161' title='bbox 1288 1683 1437 1716; x_wconf 86' lang='lat' dir='ltr'>clarescit</span> <span class='ocrx_word' id='word_1_162' title='bbox 1469 1692 1556 1715; x_wconf 88' lang='lat' dir='ltr'>mere</span> 
     </span>
     <span class='ocr_line' id='line_1_28' title="bbox 385 1728 1483 1765; baseline 0.003 -5"><span class='ocrx_word' id='word_1_163' title='bbox 385 1728 522 1765; x_wconf 80' lang='lat' dir='ltr'>Christe,</span> <span class='ocrx_word' id='word_1_164' title='bbox 1071 1731 1185 1763; x_wconf 88' lang='lat' dir='ltr'>Coram</span> <span class='ocrx_word' id='word_1_165' title='bbox 1212 1740 1334 1763; x_wconf 87' lang='lat' dir='ltr'>summo</span> <span class='ocrx_word' id='word_1_166' title='bbox 1360 1732 1483 1764; x_wconf 83' lang='lat' dir='ltr'>inclite.</span> 
     </span>
    </p>

    <p class='ocr_par' dir='ltr' id='par_1_12' title="bbox 289 1775 1555 2009">
     <span class='ocr_line' id='line_1_29' title="bbox 289 1775 1477 1820; baseline 0.003 -12"><span class='ocrx_word' id='word_1_167' title='bbox 289 1779 307 1808; x_wconf 81' lang='lat'>5</span> <span class='ocrx_word' id='word_1_168' title='bbox 336 1776 429 1816; x_wconf 84' lang='lat' dir='ltr'>Viget</span> <span class='ocrx_word' id='word_1_169' title='bbox 454 1775 548 1806; x_wconf 89' lang='lat' dir='ltr'>hodie</span> <span class='ocrx_word' id='word_1_170' title='bbox 1024 1777 1087 1810; x_wconf 87' lang='lat' dir='ltr'>Ubi</span> <span class='ocrx_word' id='word_1_171' title='bbox 1113 1779 1202 1817; x_wconf 87' lang='lat' dir='ltr'>quies</span> <span class='ocrx_word' id='word_1_172' title='bbox 1229 1782 1260 1810; x_wconf 88' lang='lat' dir='ltr'>et</span> <span class='ocrx_word' id='word_1_173' title='bbox 1285 1788 1349 1811; x_wconf 90' lang='lat' dir='ltr'>non</span> <span class='ocrx_word' id='word_1_174' title='bbox 1374 1779 1477 1820; x_wconf 85' lang='lat' dir='ltr'>labor,</span> 
     </span>
     <span class='ocr_line' id='line_1_30' title="bbox 336 1823 1495 1868; baseline 0.001 -11"><span class='ocrx_word' id='word_1_175' title='bbox 336 1825 473 1857; x_wconf 88' lang='lat' dir='ltr'>Consors</span> <span class='ocrx_word' id='word_1_176' title='bbox 499 1823 645 1854; x_wconf 86' lang='lat' dir='ltr'>caelestis</span> <span class='ocrx_word' id='word_1_177' title='bbox 672 1824 801 1863; x_wconf 83' lang='lat' dir='ltr'>gloriae.</span> <span class='ocrx_word' id='word_1_178' title='bbox 1024 1825 1087 1857; x_wconf 94' lang='lat' dir='ltr'>Ubi</span> <span class='ocrx_word' id='word_1_179' title='bbox 1113 1826 1274 1868; x_wconf 85' lang='lat' dir='ltr'>gaudium,</span> <span class='ocrx_word' id='word_1_180' title='bbox 1302 1837 1365 1859; x_wconf 91' lang='lat' dir='ltr'>non</span> <span class='ocrx_word' id='word_1_181' title='bbox 1393 1828 1495 1867; x_wconf 79' lang='lat' dir='ltr'>dolor,</span> 
     </span>
     <span class='ocr_line' id='line_1_31' title="bbox 335 1871 1555 1916; baseline 0.005 -15"><span class='ocrx_word' id='word_1_182' title='bbox 335 1871 394 1910; x_wconf 83' lang='lat' dir='ltr'>Qui</span> <span class='ocrx_word' id='word_1_183' title='bbox 421 1871 483 1909; x_wconf 82' lang='lat' dir='ltr'>pie,</span> <span class='ocrx_word' id='word_1_184' title='bbox 952 1874 996 1905; x_wconf 77' lang='lat'>20</span> <span class='ocrx_word' id='word_1_185' title='bbox 1024 1873 1086 1905; x_wconf 93' lang='lat' dir='ltr'>Ubi</span> <span class='ocrx_word' id='word_1_186' title='bbox 1120 1883 1179 1905; x_wconf 89' lang='lat' dir='ltr'>nec</span> <span class='ocrx_word' id='word_1_187' title='bbox 1205 1879 1307 1906; x_wconf 86' lang='lat' dir='ltr'>metus</span> <span class='ocrx_word' id='word_1_188' title='bbox 1333 1884 1392 1907; x_wconf 86' lang='lat' dir='ltr'>nec</span> <span class='ocrx_word' id='word_1_189' title='bbox 1418 1884 1555 1916; x_wconf 88' lang='lat' dir='ltr'>maeror,</span> 
     </span>
     <span class='ocr_line' id='line_1_32' title="bbox 338 1918 1456 1963; baseline 0.004 -12"><span class='ocrx_word' id='word_1_190' title='bbox 338 1918 460 1959; x_wconf 87' lang='lat' dir='ltr'>Sobrie,</span> <span class='ocrx_word' id='word_1_191' title='bbox 1071 1921 1135 1954; x_wconf 91' lang='lat' dir='ltr'>Ubi</span> <span class='ocrx_word' id='word_1_192' title='bbox 1161 1922 1266 1954; x_wconf 77' lang='lat' dir='ltr'>iustus</span> <span class='ocrx_word' id='word_1_193' title='bbox 1293 1923 1456 1963; x_wconf 85' lang='lat' dir='ltr'>probitate</span> 
     </span>
     <span class='ocr_line' id='line_1_33' title="bbox 341 1966 1510 2009; baseline 0.003 -10"><span class='ocrx_word' id='word_1_194' title='bbox 341 1967 446 2006; x_wconf 64' lang='lat' dir='ltr'>(aste,</span> <span class='ocrx_word' id='word_1_195' title='bbox 472 1966 597 2005; x_wconf 83' lang='lat' dir='ltr'>pudice,</span> <span class='ocrx_word' id='word_1_196' title='bbox 1073 1969 1196 2009; x_wconf 85' lang='lat' dir='ltr'>Dignus</span> <span class='ocrx_word' id='word_1_197' title='bbox 1223 1974 1254 2001; x_wconf 87' lang='lat' dir='ltr'>et</span> <span class='ocrx_word' id='word_1_198' title='bbox 1287 1971 1369 2003; x_wconf 89' lang='lat' dir='ltr'>vitae</span> <span class='ocrx_word' id='word_1_199' title='bbox 1396 1971 1510 2004; x_wconf 85' lang='lat' dir='ltr'>beatae</span> 
     </span>
    </p>

    <p class='ocr_par' dir='ltr' id='par_1_13' title="bbox 266 2013 1536 2200">
     <span class='ocr_line' id='line_1_34' title="bbox 266 2013 1154 2053; baseline 0.002 -6"><span class='ocrx_word' id='word_1_200' title='bbox 266 2015 310 2046; x_wconf 86' lang='lat'>10</span> <span class='ocrx_word' id='word_1_201' title='bbox 337 2014 525 2053; x_wconf 85' lang='lat' dir='ltr'>Prudenter,</span> <span class='ocrx_word' id='word_1_202' title='bbox 554 2013 659 2053; x_wconf 88' lang='lat' dir='ltr'>quiete</span> <span class='ocrx_word' id='word_1_203' title='bbox 1020 2017 1154 2049; x_wconf 87' lang='lat' dir='ltr'>Munere</span> 
     </span>
     <span class='ocr_line' id='line_1_35' title="bbox 385 2061 1234 2097; baseline 0.004 -3"><span class='ocrx_word' id='word_1_204' title='bbox 385 2061 562 2094; x_wconf 85' lang='lat' dir='ltr'>Ambulans</span> <span class='ocrx_word' id='word_1_205' title='bbox 587 2062 788 2094; x_wconf 83' lang='lat' dir='ltr'>immaculate</span> <span class='ocrx_word' id='word_1_206' title='bbox 1021 2064 1096 2097; x_wconf 87' lang='lat' dir='ltr'>Sine</span> <span class='ocrx_word' id='word_1_207' title='bbox 1122 2064 1234 2097; x_wconf 88' lang='lat' dir='ltr'>funere</span> 
     </span>
     <span class='ocr_line' id='line_1_36' title="bbox 384 2109 1536 2152; baseline 0.005 -10"><span class='ocrx_word' id='word_1_208' title='bbox 384 2111 472 2142; x_wconf 85' lang='lat' dir='ltr'>Tuae</span> <span class='ocrx_word' id='word_1_209' title='bbox 498 2109 576 2148; x_wconf 85' lang='lat' dir='ltr'>legis</span> <span class='ocrx_word' id='word_1_210' title='bbox 601 2109 633 2140; x_wconf 91' lang='lat' dir='ltr'>in</span> <span class='ocrx_word' id='word_1_211' title='bbox 659 2109 772 2142; x_wconf 83' lang='lat' dir='ltr'>beatae</span> <span class='ocrx_word' id='word_1_212' title='bbox 951 2114 993 2145; x_wconf 88' lang='lat'>25</span> <span class='ocrx_word' id='word_1_213' title='bbox 1069 2112 1235 2152; x_wconf 80' lang='lat' dir='ltr'>Florebit;</span> <span class='ocrx_word' id='word_1_214' title='bbox 1262 2114 1309 2146; x_wconf 87' lang='lat' dir='ltr'>sic</span> <span class='ocrx_word' id='word_1_215' title='bbox 1333 2113 1427 2148; x_wconf 83' lang='lat' dir='ltr'>floret</span> <span class='ocrx_word' id='word_1_216' title='bbox 1452 2115 1536 2148; x_wconf 87' lang='lat' dir='ltr'>iuste</span> 
     </span>
     <span class='ocr_line' id='line_1_37' title="bbox 340 2157 1353 2200; baseline 0.007 -12"><span class='ocrx_word' id='word_1_217' title='bbox 340 2158 397 2189; x_wconf 84' lang='lat' dir='ltr'>Via</span> <span class='ocrx_word' id='word_1_218' title='bbox 423 2160 520 2196; x_wconf 86' lang='lat' dir='ltr'>recta,</span> <span class='ocrx_word' id='word_1_219' title='bbox 547 2157 691 2200; x_wconf 78' lang='lat' dir='ltr'>Domine,</span> <span class='ocrx_word' id='word_1_220' title='bbox 1067 2161 1128 2193; x_wconf 85' lang='lat' dir='ltr'>Dei</span> <span class='ocrx_word' id='word_1_221' title='bbox 1154 2171 1266 2194; x_wconf 87' lang='lat' dir='ltr'>servus</span> <span class='ocrx_word' id='word_1_222' title='bbox 1291 2163 1353 2195; x_wconf 87' lang='lat' dir='ltr'>iste</span> 
     </span>
    </p>
   </div>
   <div class='ocr_carea' id='block_1_11' title="bbox 771 2204 1019 2241">
    <p class='ocr_par' dir='ltr' id='par_1_14' title="bbox 771 2204 1019 2241">
     <span class='ocr_line' id='line_1_38' title="bbox 771 2204 1019 2241; baseline 0.012 -5"><span class='ocrx_word' id='word_1_223' title='bbox 771 2204 815 2236; x_wconf 81' lang='lat' dir='ltr'>In</span> <span class='ocrx_word' id='word_1_224' title='bbox 841 2209 1019 2241; x_wconf 77' lang='lat' dir='ltr'>aetermmz.</span> 
     </span>
    </p>
   </div>
   <div class='ocr_carea' id='block_1_12' title="bbox 241 2317 1565 2468">
    <p class='ocr_par' dir='ltr' id='par_1_15' title="bbox 241 2317 1565 2468">
     <span class='ocr_line' id='line_1_39' title="bbox 319 2317 1557 2355; baseline 0.006 -9"><span class='ocrx_word' id='word_1_225' title='bbox 319 2319 445 2350; x_wconf 85' lang='lat' dir='ltr'>Flacius‚</span> <span class='ocrx_word' id='word_1_226' title='bbox 470 2318 520 2344; x_wconf 87' lang='lat' dir='ltr'>Nr.</span> <span class='ocrx_word' id='word_1_227' title='bbox 543 2318 688 2345; x_wconf 81' lang='lat' dir='ltr'>CXXXV.</span> <span class='ocrx_word' id='word_1_228' title='bbox 710 2334 747 2337; x_wconf 67' lang='lat'><em>—</em></span> <span class='ocrx_word' id='word_1_229' title='bbox 768 2317 785 2345; x_wconf 88' lang='grc'><strong>9</strong></span> <span class='ocrx_word' id='word_1_230' title='bbox 806 2320 915 2348; x_wconf 86' lang='lat' dir='ltr'>Pudice</span> <span class='ocrx_word' id='word_1_231' title='bbox 939 2326 1027 2350; x_wconf 85' lang='lat' dir='ltr'>caste.</span> <span class='ocrx_word' id='word_1_232' title='bbox 1048 2339 1086 2343; x_wconf 89' lang='lat'><strong>—</strong></span> <span class='ocrx_word' id='word_1_233' title='bbox 1109 2321 1142 2350; x_wconf 90' lang='lat'>15</span> <span class='ocrx_word' id='word_1_234' title='bbox 1163 2323 1300 2352; x_wconf 79' lang='lat' dir='ltr'>clarescit</span> <span class='ocrx_word' id='word_1_235' title='bbox 1320 2334 1409 2353; x_wconf 87' lang='lat' dir='ltr'>more.</span> <span class='ocrx_word' id='word_1_236' title='bbox 1430 2337 1467 2344; x_wconf 85' lang='lat'>-·-</span> <span class='ocrx_word' id='word_1_237' title='bbox 1489 2327 1557 2355; x_wconf 85' lang='lat' dir='ltr'>Wie</span> 
     </span>
     <span class='ocr_line' id='line_1_40' title="bbox 243 2356 1557 2395; baseline 0.006 -11"><span class='ocrx_word' id='word_1_238' title='bbox 243 2358 291 2384; x_wconf 85' lang='lat' dir='ltr'>bei</span> <span class='ocrx_word' id='word_1_239' title='bbox 313 2357 431 2384; x_wconf 80' lang='lat' dir='ltr'>Flacius</span> <span class='ocrx_word' id='word_1_240' title='bbox 452 2356 508 2388; x_wconf 81' lang='lat' dir='ltr'>oft,</span> <span class='ocrx_word' id='word_1_241' title='bbox 532 2365 563 2383; x_wconf 90' lang='lat' dir='ltr'>so</span> <span class='ocrx_word' id='word_1_242' title='bbox 586 2358 625 2383; x_wconf 78' lang='lat' dir='ltr'>ist</span> <span class='ocrx_word' id='word_1_243' title='bbox 646 2357 719 2384; x_wconf 89' lang='lat' dir='ltr'>auch</span> <span class='ocrx_word' id='word_1_244' title='bbox 742 2358 805 2385; x_wconf 85' lang='lat' dir='ltr'>hier</span> <span class='ocrx_word' id='word_1_245' title='bbox 825 2358 876 2385; x_wconf 81' lang='lat' dir='ltr'>der</span> <span class='ocrx_word' id='word_1_246' title='bbox 896 2360 969 2387; x_wconf 83' lang='lat' dir='ltr'>Text</span> <span class='ocrx_word' id='word_1_247' title='bbox 991 2363 1129 2395; x_wconf 80' lang='lat' dir='ltr'>entstellt,</span> <span class='ocrx_word' id='word_1_248' title='bbox 1150 2371 1211 2390; x_wconf 82' lang='lat' dir='ltr'>was</span> <span class='ocrx_word' id='word_1_249' title='bbox 1232 2363 1324 2391; x_wconf 80' lang='lat' dir='ltr'>sehon</span> <span class='ocrx_word' id='word_1_250' title='bbox 1343 2363 1392 2391; x_wconf 81' lang='lat' dir='ltr'>die</span> <span class='ocrx_word' id='word_1_251' title='bbox 1412 2365 1557 2393; x_wconf 78' lang='lat' dir='ltr'>unreiuen</span> 
     </span>
     <span class='ocr_line' id='line_1_41' title="bbox 242 2395 1565 2437; baseline 0.007 -15"><span class='ocrx_word' id='word_1_252' title='bbox 242 2396 344 2423; x_wconf 85' lang='lat' dir='ltr'>Reime</span> <span class='ocrx_word' id='word_1_253' title='bbox 373 2397 515 2422; x_wconf 75' lang='lat' dir='ltr'>verraten.</span> <span class='ocrx_word' id='word_1_254' title='bbox 539 2409 574 2413; x_wconf 95' lang='lat'><em>-</em></span> <span class='ocrx_word' id='word_1_255' title='bbox 595 2395 735 2424; x_wconf 79' lang='lat' dir='ltr'>Offenbar</span> <span class='ocrx_word' id='word_1_256' title='bbox 754 2396 870 2432; x_wconf 82' lang='lat' dir='ltr'>Tropus</span> <span class='ocrx_word' id='word_1_257' title='bbox 897 2407 962 2426; x_wconf 87' lang='lat' dir='ltr'>zum</span> <span class='ocrx_word' id='word_1_258' title='bbox 982 2400 1018 2427; x_wconf 90' lang='lat' dir='ltr'>V.</span> <span class='ocrx_word' id='word_1_259' title='bbox 1039 2401 1112 2428; x_wconf 87' lang='lat' dir='ltr'>All.:</span> <span class='ocrx_word' id='word_1_260' title='bbox 1144 2401 1294 2436; x_wconf 72' lang='lat' dir='ltr'>„Iustus</span> <span class='ocrx_word' id='word_1_261' title='bbox 1317 2403 1565 2437; x_wconf 73' lang='lat' dir='ltr'>germinabit,</span> 
     </span>
     <span class='ocr_line' id='line_1_42' title="bbox 241 2431 1383 2468; baseline 0.005 -7"><span class='ocrx_word' id='word_1_262' title='bbox 241 2435 344 2462; x_wconf 87' lang='lat' dir='ltr'>sicut</span> <span class='ocrx_word' id='word_1_263' title='bbox 371 2434 497 2461; x_wconf 91' lang='lat' dir='ltr'>lilium</span> <span class='ocrx_word' id='word_1_264' title='bbox 526 2437 558 2460; x_wconf 83' lang='lat' dir='ltr'>et</span> <span class='ocrx_word' id='word_1_265' title='bbox 582 2431 743 2468; x_wconf 71' lang='lat' dir='ltr'>florebit</span> <span class='ocrx_word' id='word_1_266' title='bbox 769 2435 806 2461; x_wconf 90' lang='lat' dir='ltr'>in</span> <span class='ocrx_word' id='word_1_267' title='bbox 828 2439 1024 2466; x_wconf 85' lang='lat' dir='ltr'>aeternum</span> <span class='ocrx_word' id='word_1_268' title='bbox 1051 2442 1138 2467; x_wconf 85' lang='lat' dir='ltr'>ante</span> <span class='ocrx_word' id='word_1_269' title='bbox 1158 2437 1383 2467; x_wconf 87' lang='lat' dir='ltr'>Dominum.“</span> 
     </span>
    </p>
   </div>
  </div>
 </body>
</html>
