1653 2689
759 152 798 157 -
854 132 921 167 122
973 151 1014 156 —
1051 124 1147 163 '⁷‘'·
1191 159 1195 166 .

675 275 744 306 271.
776 276 814 304 In
835 275 947 306 sancti
966 273 1104 305 Iuliani.

401 368 432 399 1.
459 365 586 397 Devicit
611 365 758 397 zabulum
783 365 932 405 quoniam
953 364 1071 396 virtute
1096 373 1246 405 superna,

524 409 708 439 Laetabitur
729 411 829 438 iustus
849 409 883 438 in
904 409 1048 444 Domino,

399 453 431 486 2.
459 451 651 485 Coniunctus
677 460 795 495 supero
821 450 974 491 gaudebit
998 451 1030 482 in
1056 451 1187 483 aethere
1212 450 1340 484 Christo

521 500 547 524 et
568 496 701 533 sperabit
723 497 753 524 in
775 505 808 525 eo

403 539 435 570 3.
462 538 562 577 Inque
589 538 682 569 Sione
709 538 794 569 celsa
820 546 902 569 nova.
927 537 997 569 laus
1023 536 1206 569 cantabitur
1230 537 1291 579 illi,

523 586 547 611 et
571 582 784 611 laudabuntur
803 591 904 612 omnes
928 583 998 611 recti
1020 582 1113 611 corde.

304 660 391 695 Trop.
408 669 460 686 ma.
476 663 505 686 S.
521 661 641 686 Martini
656 660 909 693 Masciaeensisoe)
923 669 998 687 saec.
1017 658 1086 687 ¹⁰s11.
1123 660 1193 687 Cod.
1209 661 1344 688 Vatican.
1359 661 1462 698 Regin.
1477 659 1544 690 222.

638 792 706 822 272).
739 793 776 822 ln
799 801 826 823 s,
848 791 935 822 Iusti
956 791 1132 829 Martyris.

278 883 307 914 1.
336 882 430 919 Ecce,
459 882 526 912 dies
553 882 753 912 venerandus
779 881 881 920 adest⁷
910 881 1051 912 dicamus
1077 886 1225 913 ovantes:

399 926 595 955 Gaudeamus
616 935 717 954 omues·
740 926 773 954 in
792 925 928 955 Domino
949 925 1023 954 tliem
1045 927 1155 962 festum
1179 925 1367 961 celebrantes,

279 969 310 1000 2.
338 968 434 1006 Quem
462 972 602 999 statuere
627 972 735 1006 patres
761 967 883 1007 antiqui
909 968 970 998 rite
997 967 1164 999 colendum

399 1013 456 1039 sult
476 1013 587 1040 honore
607 1012 706 1040 sancti
726 1011 808 1040 Iusti
829 1012 983 1049 ma1·tyri8‚
1004 1011 1039 1040 (le
1059 1012 1145 1041 cuius

400 1050 597 1079 sollemnitate
616 1050 749 1087 (laudent
770 1051 869 1087 anyeli

279 1093 310 1124 3.
338 1091 381 1123 Et
407 1092 541 1123 iubilant
567 1092 689 1130 pariter
714 1092 866 1122 mortales
891 1101 982 1123 omne
1008 1101 1067 1131 per
1091 1101 1214 1130 aevum,

399 1139 424 1165 et
445 1135 623 1165 collaudant
643 1136 737 1172 filium
760 1135 828 1164 Dei.
850 1153 884 1157 —
907 1136 1136 1166 Misericordias
1157 1136 1286 1165 Domini
1305 1139 1356 1166 etc.
1378 1152 1415 1156 —

401 1173 596 1202 Gaudeamus
618 1182 717 1202 omnes
739 1176 771 1202 iu
794 1173 936 1208 Domino,

281 1217 314 1247 4.
341 1215 437 1247 Cuius
464 1220 493 1246 et
520 1216 552 1246 in
578 1216 685 1254 pueris
711 1216 827 1246 renitet
853 1216 1029 1247 clarissima
1056 1215 1167 1255 virtus⁷

399 1259 475 1288 cliem
496 1261 606 1295 festum
630 1260 816 1294 celebrantes,

279 1303 310 1332 5.
338 1300 528 1332 Sollemnem
555 1301 661 1339 caelis,
690 1301 816 1332 dantem
842 1310 964 1340 quoque
989 1301 1106 1340 gaudia
1131 1301 1238 1341 terris,

400 1344 457 1373 sub
478 1345 589 1373 honore
610 1345 710 1374 sancti
730 1344 812 1373 Iusti
832 1346 986 1382 ¹›nar-tynis-

279 1387 311 1418 6.
338 1387 396 1425 Qui
422 1386 573 1417 mundum
599 1387 770 1426 mundique
795 1387 896 1417 minas
924 1387 1085 1418 devicerat
1111 1385 1228 1424 infans,

401 1430 436 1459 (le
456 1431 542 1459 cuius
564 1431 763 1459 sollemnitate
781 1430 913 1468 yatalent
935 1432 1035 1468 anyeli
1054 1434 1079 1459 et
1100 1430 1275 1460 collaudant
1295 1431 1392 1467 tilium
1411 1430 1481 1460 Dei.

305 1508 393 1543 Trop.
423 1518 474 1534 ma.
500 1510 705 1536 Wintoniense
733 1517 807 1536 saec..
839 1508 882 1536 10.
910 1518 953 1536 ex.
995 1509 1064 1536 Cod.
1086 1509 1229 1535 oxonien.
1252 1509 1334 1536 Bodl.
1363 1507 1428 1536 775.
1449 1510 1483 1536 A.
1506 1524 1545 1528 -—

229 1546 316 1581 Trop.
339 1555 390 1573 ms.
414 1547 619 1573 Wintoniense
641 1556 716 1573 saec.
740 1546 783 1573 11.
818 1547 887 1574 eod.
910 1547 984 1574 Coll.
1008 1548 1092 1582 Corp.
1109 1547 1218 1574 Christi
1234 1548 1455 1583 Cantabrigien.
1476 1546 1542 1575 473.

229 1585 260 1610 B.
289 1599 322 1602 —
351 1585 437 1620 Trop.
467 1593 519 1611 ms.
547 1585 752 1612 Glastouiense
780 1587 1033 1616 &Cantuariensel
1062 1593 1137 1612 saec.
1168 1584 1210 1611 11.
1239 1594 1283 1612 ex.
1308 1585 1348 1619 (et
1377 1584 1432 1618 12.)
1471 1587 1543 1613 Cod.

229 1623 394 1650 Loudinen.
416 1623 509 1658 Calig.
532 1624 556 1649 A
578 1624 656 1650 XIV.
679 1624 710 1651 C.
732 1638 768 1642 ——
794 1623 805 1650 1
829 1628 952 1650 ovanter
965 1626 995 1651 C.
1017 1637 1054 1642 —-
1076 1624 1093 1651 6
1107 1623 1164 1656 Qui
1187 1623 1304 1656 mundo,
1325 1624 1486 1660 korrigiert
1507 1633 1544 1652 zu

230 1661 368 1687 mundum
390 1662 424 1687 A.
445 1676 481 1679 —
503 1660 535 1687 3.
558 1659 575 1687 2
596 1662 677 1688 Nach
700 1662 763 1689 dem
786 1662 951 1689 Psalnrveffl
975 1661 1211 1694 „Misericordias
1235 1661 1372 1688 Domini‘⁴
1395 1666 1449 1689 etc.
1471 1663 1545 1699 folgt

231 1700 277 1726 die
300 1703 399 1726 erste
422 1701 602 1734 untropierte
625 1701 792 1735 Repetition
813 1701 863 1726 des
879 1701 1029 1731 Introitus,
1051 1700 1174 1727 alsdann
1192 1700 1340 1733 „Gloria
1361 1702 1457 1736 patri
1479 1704 1544 1734 etc.‚

231 1737 339 1764 darauf
357 1737 403 1764 die
428 1739 561 1764 zweite
583 1739 749 1772 Repetition
771 1738 820 1764 des
836 1739 977 1765 Introitus
1000 1739 1053 1765 mit
1072 1739 1123 1765 dei·
1137 1738 1321 1773 Tropierung
1336 1739 1409 1766 Vers
1429 1738 1448 1765 4
1463 1739 1490 1766 ff.
1508 1754 1544 1758 —

230 1776 264 1802 In
286 1777 308 1802 C
331 1775 408 1802 steht
429 1784 466 1802 an
487 1780 578 1802 erster
600 1776 689 1802 §telle
711 1777 783 1802 Vera
804 1775 888 1805 4—6.
910 1776 988 1803 daun
1012 1775 1093 1803 1—:>..

645 1906 712 1937 213.
744 1907 781 1936 111
803 1907 913 1937 sancti
935 1908 1123 1939 Laurentii.

377 1997 406 2028 l.
436 1996 500 2026 Vox
529 1996 664 2026 Domino
691 1995 816 2027 laudem
844 1995 937 2034 ferat,
964 1997 1048 2028 actio
1073 2004 1183 2030 sancta
1211 1999 1377 2031 decorem:
1492 2015 1501 2032 ι

484 2040 641 2076 Confessio
662 2043 688 2069 et
707 2040 900 2077 pulchritudo
923 2042 953 2068 in
977 2046 1134 2078 conspectu
1157 2044 1230 2077 eius,

373 2083 405 2114 2.
433 2082 493 2114 His
519 2082 639 2112 caelum
666 2082 799 2121 geminis
825 2082 951 2113 scandit
975 2083 1165 2116 Laurentius
1191 2086 1262 2125 alis,

486 2126 634 2155 sanctitas
655 2129 680 2154 et
702 2126 925 2164 nzaynificentia
946 2127 977 2154 in
1001 2129 1240 2159 sanctificatione
1260 2131 1335 2160 eius.

303 2205 391 2240 Trop.
418 2213 472 2231 ms.
500 2205 690 2232 Martialense
718 2213 793 2231 saec.
824 2203 867 2232 10.
908 2205 977 2232 Cod.
999 2206 1125 2234 Parisin.
1156 2207 1237 2236 1084.
1260 2210 1294 2236 A.
1317 2225 1353 2229 —
1373 2211 1462 2248 Trop.
1491 2221 1544 2240 ms.

228 2243 420 2271 Martialense
445 2251 521 2269 saec.
552 2241 594 2270 10.
623 2252 667 2270 ex.
709 2243 777 2270 Cod.
807 2243 932 2270 Parisin.
963 2243 1043 2271 1118.
1065 2246 1097 2272 B.
1118 2261 1156 2265 —
1178 2247 1267 2284 Trop.
1295 2258 1348 2276 ms.
1371 2250 1398 2276 S.
1421 2250 1546 2278 Martini

227 2280 482 2315 Masciacensis(‘?)
511 2289 586 2308 saec.
619 2279 692 2308 ¹⁰s11.
740 2281 810 2308 Cod.
843 2282 975 2308 Vatican.
1009 2284 1110 2319 Regin.
1145 2283 1209 2312 222.
1241 2288 1273 2314 C.
1303 2302 1341 2306 —
1371 2289 1459 2324 Trop.
1491 2298 1545 2317 ms.

227 2321 410 2348 nivernense
424 2328 499 2347 saec.
517 2318 560 2346 11.
595 2317 664 2346 Cod.
680 2319 807 2346 Parisin.
821 2318 904 2346 9449.
922 2321 957 2347 D.
979 2336 1015 2339 —
1036 2322 1123 2358 Trop.
1139 2333 1191 2351 ms.
1208 2325 1391 2354 Nivernense
1405 2335 1482 2356 saec.
1500 2326 1546 2355 12.

228 2358 299 2387 eod.
320 2358 446 2385 Parisin.
469 2358 564 2384 Nouv.
586 2366 647 2393 aeq.
677 2356 758 2384 1235.
780 2357 816 2384 Ε.
837 2373 874 2376 —
894 2358 981 2394 Trop.
1004 2369 1055 2388 ms.
1077 2362 1271 2391 Vedaetinum
1293 2373 1370 2392 saec.
1394 2364 1437 2392 11.
1473 2366 1547 2395 end.

228 2399 415 2426 Cameracen.
454 2395 489 2424 76
521 2395 587 2429 (75).
618 2397 650 2424 F.
680 2411 717 2416 —
737 2396 823 2430 Trop.
858 2405 910 2422 ms.
948 2398 1234 2436 Sammaglorianum
1268 2411 1344 2430 saec.
1377 2401 1422 2431 12.
1473 2405 1548 2433 Cod.

228 2437 354 2464 Parisin.
378 2433 412 2462 13
421 2433 485 2462 252.
505 2435 539 2463 G.
1360 2437 1362 2439 >
