1653 2689
161 213 565 252 Londinen.021ig.Axlv.
577 217 609 246 C.
623 218 762 254 -Τι-ορ.
777 217 1036 246 ms.v0dastiuum
1050 224 1127 244 saec.
1141 215 1184 243 11.
1213 217 1283 244 Cod.
1296 216 1482 244 Cameracen.

161 249 198 280 76
219 250 287 287 (75).
301 253 340 281 D.
362 267 401 273 —
421 254 510 290 Trop.
531 263 585 283 1118.
599 255 829 290 Bononiense(?)
848 264 924 283 saec.
942 254 984 282 ll.
1019 255 1089 282 Cod.
1105 255 1148 281 An
1151 255 1236 291 gelic.
1255 253 1308 282 123
1321 255 1356 286 (B
1371 256 1415 282 111
1432 253 1483 289 18).

160 289 196 317 E.
217 303 256 310 -
276 288 295 318 2
322 293 452 328 tegmine
471 293 508 320 Ε.
529 308 566 312 -
587 291 606 321 3
631 297 683 321 tua
711 295 751 321 sit
769 295 812 328 E;
839 295 1000 321 clarescere
1026 293 1103 321 311110
1124 265 1170 320 Eg
1181 307 1218 311 —
1237 292 1306 326 (Cfr.
1327 294 1482 329 Georgius,

159 328 206 356 De
226 329 328 365 liturg.
350 331 475 358 Roman.
494 331 604 358 Pontis.
625 332 664 365 11,
686 341 712 368 p.
735 331 874 366 CXCIX).

535 448 585 478 97.
617 447 656 477 In
676 447 942 478 Resurrectione
963 448 1112 478 Domini.

270 518 302 551 1.
328 517 432 549 Filius
458 517 500 550 ad
526 520 652 557 patrem
679 517 784 549 carnis
810 527 870 557 pro
896 521 989 558 parte
1014 518 1140 551 locutus

377 564 520 605 Corpore
547 573 617 597 cum
644 573 722 599 vero
749 565 795 596 sic
821 565 883 596 ait:
913 565 972 607 En,
1000 566 1108 605 venio,

427 610 595 639 Resumaei
614 613 640 639 et
660 609 760 639 adhuc
780 613 873 639 tecum
896 619 972 645 sum,

269 652 301 684 2.
329 651 409 684 Cum
435 661 497 691 quo
523 660 652 692 semper
677 660 764 682 eram
791 652 922 683 deitatis
949 660 1079 683 munere
1107 661 1249 684 consors.

377 699 521 731 Dextera
546 709 669 731 summa
693 698 798 739 patris
825 709 917 739 quem
944 704 1041 742 tenet,
1070 709 1154 741 ecce,
1183 698 1289 734 canit:

428 743 570 773 Posuisti
590 753 683 781 snper
704 754 746 773 me
768 754 893 773 manum
914 748 1006 781 tuam,

428 782 581 811 mirabilis
601 785 686 819 suem
708 785 751 811 est
772 784 899 812 scientia
919 786 981 812 tua.

271 828 304 859 3.
332 824 376 856 Et
400 833 458 856 uos
484 824 516 856 in
543 825 639 856 terris
665 825 809 865 colimus,
837 825 999 866 miramur,
1027 834 1180 863 amamus.

379 873 470 912 Quod
497 872 543 903 sic
568 881 608 904 ex
633 875 745 905 nostro
773 881 907 912 corpore
934 871 1035 913 fulget
1060 873 1168 914 homo,

429 917 576 953 Alleluia,
596 917 741 947 Alleluia.

235 982 324 1016 Trop.
353 990 406 1007 mS.
427 981 676 1017 Moguntinum(‘?)
701 989 776 1008 saec.
799 979 843 1008 10.
883 981 953 1008 Cod.
975 982 1140 1009 Londinen.
1161 982 1233 1009 Add.
1259 981 1292 1009 19
1302 981 1364 1009 765.
1388 984 1422 1009 A.
1444 998 1480 1000 —

159 1019 248 1055 Trop.
269 1028 322 1046 mS.
338 1020 533 1055 Sangallense
555 1028 630 1046 saec.
655 1018 698 1046 11.
721 1021 760 1046 in.
795 1019 865 1047 Cod.
881 1020 1049 1055 Sangallen.
1072 1018 1137 1048 381.
1159 1021 1225 1047 add.
1244 1029 1319 1048 saec.
1339 1019 1380 1048 13.
1398 1023 1480 1048 13.—

158 1058 247 1092 Trop.
274 1066 328 1085 ms.
350 1057 544 1093 Sangallense
571 1066 647 1085 saec.
673 1056 730 1091 (11.
760 1059 799 1091 et)
826 1056 868 1084 13.
910 1058 980 1085 Cod.
1004 1059 1173 1094 Sangallen.
1194 1057 1259 1085 382.
1283 1060 1314 1086 C.
1333 1073 1371 1077 —
1391 1060 1479 1094 Trop.

158 1105 211 1122 ms.
239 1096 268 1124 S.
296 1096 411 1123 Amulii
438 1097 579 1123 Metensis
608 1105 683 1123 saec.
713 1094 755 1122 12.
784 1097 824 1122 in.
853 1096 922 1123 Cod.
965 1097 1071 1124 Meten.
1102 1096 1168 1124 452.
1199 1098 1233 1123 D.
1256 1112 1291 1116 —
1313 1099 1400 1133 Trop.
1427 1107 1479 1124 ms.

158 1134 366 1162 Glastoniense
386 1133 410 1166 (?
421 1134 646 1167 Cantuariense)
666 1143 741 1161 saec.
765 1133 809 1161 11.
829 1134 869 1165 (et
892 1133 948 1167 12.)
981 1135 1051 1162 Cod.
1076 1136 1229 1162 Londinen
1251 1136 1344 1170 Calig.
1361 1138 1383 1162 A
1401 1137 1480 1163 XIV.

157 1173 194 1200 E.
216 1187 252 1191 —
273 1173 309 1200 In
327 1173 351 1199 A
372 1172 443 1208 geht
464 1173 655 1200 unmittelbar
675 1181 792 1204 vorans.
815 1173 869 1198 mit
882 1173 1115 1200 Vorstehendem
1137 1183 1173 1200 zu
1194 1176 1288 1201 einern
1305 1175 1395 1201 sifick
1417 1184 1480 1201 ver-

157 1211 290 1238 bunden:
314 1211 448 1245 „Morte
470 1214 533 1238 tuo
555 1210 678 1238 iussu“
702 1215 756 1238 etc.
777 1213 814 1242 (v.
836 1211 971 1246 folgende
986 1212 1144 1245 Nummer).
1166 1226 1202 1229 —
1223 1210 1250 1245 2,
1274 1212 1285 1239 1
1310 1216 1371 1239 erat
1389 1214 1422 1239 D.
1445 1228 1480 1232 —

154 1248 182 1282 2,
205 1247 223 1276 2
243 1251 336 1285 patris
360 1258 417 1285 que
439 1253 520 1277 tenet
540 1253 628 1285 atque
649 1250 721 1276 colit
741 1250 775 1276 A.

527 1363 578 1393 98.
610 1363 649 1392 In
674 1362 939 1393 Resurrectione
961 1363 1109 1393 Domini.

387 1434 417 1466 1.
445 1433 553 1465 Morte
579 1437 634 1464 tuo
660 1433 748 1464 iussu
774 1433 912 1464 tolerata
937 1433 1011 1472 13111,
1039 1438 1132 1472 pater
1155 1434 1249 1472 alme.

498 1476 666 1506 Resurreoei
687 1480 713 1506 et
735 1477 835 1506 adhuc·
854 1481 949 1506 tecum
971 1487 1037 1506 sum

386 1521 418 1552 2.
445 1519 574 1551 Fractis
600 1517 720 1550 inferni
746 1519 847 1559 portis
872 1519 969 1550 hodie
995 1520 1044 1550 leo
1072 1518 1184 1561 fortis3

496 1564 633 1601 posuisti
655 1573 746 1601 super
766 1574 810 1593 me
830 1573 953 1592 mummi
976 1567 1059 1592 tuum
1082 1567 1132 1593 ete.

229 1628 319 1664 Trop.
344 1636 398 1656 ms.
419 1629 669 1665 Moguntinumss’)
690 1637 766 1656 saec.
791 1626 833 1655 10.
876 1628 945 1655 Cod.
968 1629 1131 1656 Londinen.
1155 1629 1231 1657 Add.
1256 1627 1290 1656 19
1300 1628 1363 1657 768.
1386 1629 1419 1656 A.
1443 1644 1476 1648 —

153 1667 242 1703 Trop.
271 1676 324 1694 ms.
352 1667 583 1702 Bononiense(‘?)
612 1675 688 1694 saec.
719 1665 763 1694 11.
806 1667 877 1694 Cod.
904 1668 1036 1702 Angelie.
1066 1665 1120 1694 123
1148 1668 1182 1699 (B
1204 1669 1248 1694 ΙΙΙ
1274 1666 1326 1703 18),
1348 1669 1381 1695 Β.
1404 1682 1437 1686 -
1464 1666 1478 1695 1

154 1707 267 1733 iussum
290 1707 323 1733 B.
345 1720 381 1724 —
403 1704 421 1732 2
441 1706 515 1733 fehlt
528 1707 568 1739 A;
591 1715 621 1732 es
643 1707 683 1732 ist
703 1705 769 1732 dort
791 1704 804 1732 1
828 1706 1020 1734 uumittelbar
1040 1706 1211 1734 verbunden
1232 1708 1285 1733 mit
1305 1707 1370 1734 dem
1393 1710 1477 1734 unter

153 1744 205 1772 der
225 1746 350 1780 vorigen
369 1745 510 1772 Nummer
532 1744 726 1780 mitgeteilten
747 1745 871 1780 Tropus.

527 1863 578 1892 99.
609 1862 648 1892 In
670 1862 936 1892 Remu-rectione
957 1862 1107 1893 Domini.

266 1935 296 1968 1.
326 1933 387 1973 Qui
413 1932 584 1965 crucifixus
610 1941 701 1966 eram
727 1942 875 1964 manuum
904 1933 1072 1973 clavosque
1100 1933 1262 1975 dolebam,

324 1981 466 2022 Cuspide
492 1981 669 2015 transfixus
696 1985 783 2012 terra
809 1981 980 2021 triduoque
1007 1982 1167 2021 sepultus,

383 2026 554 2056 Resurrexi
574 2030 600 2056 et
620 2026 722 2055 adhuc
743 2029 838 2055 tecum
859 2035 934 2061 sum,

261 2070 294 2102 2.
321 2068 419 2100 Trusi
444 2072 606 2102 tartareas
632 2068 771 2108 spoliato
797 2068 873 2100 Dite
898 2067 1052 2101 tenebras

266 2140 270 2145 .
322 2116 436 2148 Victor
463 2119 495 2148 et.
519 2117 596 2148 inde
621 2120 709 2150 tuam
736 2116 832 2154 traxi,
860 2120 953 2157 pater
978 2116 1108 2159 optime,
1136 2117 1314 2157 praedam;

378 2162 516 2199 posuisti
535 2170 628 2200 super
650 2171 693 2191 me
714 2171 837 2190 mummi
860 2164 952 2196 tuam,

260 2204 293 2237 3.
322 2204 472 2244 Quaeque
497 2203 556 2235 sub
582 2203 710 2238 occulto
737 2207 842 2234 tecum
868 2207 1039 2235 versantur
1064 2203 1104 2235 ab
1131 2212 1224 2245 aevo,

320 2252 414 2284 Nunc
440 2250 611 2283 manifesta
637 2251 790 2292 probant,
818 2252 886 2283 nati
912 2251 998 2291 quod
1023 2252 1132 2292 passio
1158 2252 1286 2295 signat3

380 2296 530 2326 mirabilis
551 2296 638 2333 facta
658 2299 701 2326 est
722 2297 848 2326 scientia
869 2299 933 2326 tua.

257 2341 291 2374 4.
318 2338 391 2379 Eia,
418 2338 671 2378 triumphantem
698 2338 862 2370 celebrent
887 2338 1060 2378 praeconia
1085 2347 1215 2380 regem;

319 2387 388 2420 Nos
413 2387 446 2418 in
473 2386 569 2418 laude
594 2389 651 2421 tua
676 2396 852 2428 pangamus
879 2395 956 2419 voce
982 2395 1120 2421 sonora:

378 2432 525 2468 Alleluia,
546 2431 691 2462 Alleluia.
