1653 2689
813 175 859 180 —
910 156 978 191 176
1029 175 1072 182 —
1410 124 1634 183 W

561 253 592 286 6.
627 252 715 294 Ergo
740 257 786 295 tu,
812 254 865 294 qui
892 253 1077 295 dominaris,

631 300 705 333 Dux
733 305 763 332 ct
788 307 898 333 noster
923 302 1111 341 consularis,

633 348 691 381 Cui
717 348 791 381 festi
819 346 837 367 *
864 350 1003 390 regimen
1030 350 1233 391 tradidimus,

633 397 701 436 Quo
727 402 851 429 rectore
879 394 897 414 *
925 396 1040 429 festum
1066 397 1127 430 hoc
1152 398 1344 441 peragimus,

631 445 740 477 Novas
765 445 877 477 laudes
903 446 1040 486 suscipe,

633 493 718 524 Puer
743 498 835 525 natus
862 493 968 527 hodie.

283 546 370 576 Haec
391 547 510 584 loquere
532 550 558 576 et
578 548 734 577 eaehoztme
754 548 788 576 in
811 547 932 576 Christo
953 548 1034 583 Iesu,
1057 548 1191 577 Domino
1212 551 1326 577 nostro.

361 636 483 663 Collect,
509 645 562 663 ms.
583 636 781 671 Anglicumfl)
806 645 880 664 saec.
904 635 948 664 13.
968 639 1192 672 (fragmentum).
1233 637 1303 665 Cod.
1326 637 1490 664 Londinen.
1512 637 1598 665 Harl.

285 672 368 702 1010.
388 689 425 692 —
447 673 474 706 4,
495 673 514 701 4
534 675 660 710 Copulat
681 675 844 702 ecclesiam.
867 691 902 694 —
923 675 949 707 4,
971 674 988 702 6
1002 677 1095 702 Anna.
1118 692 1153 695 —
1175 676 1241 711 Vgl.
1255 676 1341 702 Anal.
1357 676 1465 710 Hymn.
1482 675 1598 710 XLVb,

283 714 333 740 Nr.
364 711 410 740 52.
458 714 590 740 Letztere
622 715 726 740 Cautio
760 713 811 740 hat
838 715 891 740 mit
917 714 1014 742 dieser
1040 715 1177 749 Epistola
1202 715 1307 742 farcita
1331 712 1349 741 3
1376 713 1522 749 Strophen
1549 722 1597 750 ge·

283 753 434 779 meinsam.
476 751 517 777 Es
545 751 617 778 fehlt
644 752 709 777 dort
731 752 855 787 Strophe
882 750 913 782 ὃς
944 753 1041 779 wurde
1068 755 1226 786 vermutet‚
1253 754 1319 780 eine
1346 754 1377 779 in
1403 761 1422 779 u
1448 750 1597 780 reimende

284 790 409 825 strophe
430 791 473 816 sei
495 790 561 816 dort
581 790 772 825 ausgefallen,
797 799 828 816 so
850 791 990 827 bestiitigt
1011 791 1074 818 hier
1095 791 1221 826 Strophe
1242 790 1260 817 3
1280 791 1326 818 die
1346 791 1539 827 Vermutung.
1559 805 1598 809 —

282 830 339 856 Str.
361 826 378 854 6
399 828 479 855 fiilurt
496 828 577 855 nicht
597 828 652 854 den
674 828 807 863 gleichen
822 829 906 856 Reim
928 830 981 856 auf
998 830 1119 856 einem
1134 829 1249 856 Vokale
1270 829 1371 861 durch,
1392 830 1431 856 ist
1451 829 1514 856 also
1530 830 1597 857 eine

282 867 377 893 Zutat.
398 881 435 884 —
456 867 538 893 Nacli
567 866 653 892 aliem
677 868 713 892 ist
735 867 945 894 vorstehender
965 868 1080 902 Tropus
1101 867 1192 894 durch
1213 867 1405 903 Entlehnung
1425 876 1478 895 aus
1499 869 1596 895 einem

282 905 372 932 Liede
392 905 530 940 gebildet.
553 914 611 930 von
634 905 697 931 dem
721 906 751 930 in
772 905 857 931 Anal.
880 906 987 940 Hymn.
1010 906 1091 932 XLV
1100 906 1127 938 h,
1149 907 1200 933 Nr.
1215 904 1261 932 52.
1284 907 1345 933 vier
1361 906 1508 941 Strophen
1528 907 1595 932 mit-

283 944 386 979 geteilt
410 943 485 970 sind.
519 944 571 969 Als
587 943 831 978 Kompletierung
851 943 991 970 letzteren
1006 944 1112 970 Liedes
1133 944 1192 970 und
1213 953 1262 970 um
1283 944 1330 970 die
1344 944 1595 980 Tropierungsart

283 982 335 1008 der
355 981 470 1016 Epistel
493 981 683 1007 anschaulich
707 990 740 1007 zu
767 982 879 1013 bieten,
900 981 976 1009 habe
1001 981 1048 1008 ich
1071 982 1126 1009 den
1147 980 1392 1017 Epistel-Tropus
1413 982 1593 1017 vollstindig

282 1020 448 1056 vorgelegt,
477 1021 531 1046 wie
563 1020 613 1046 ihn
640 1020 686 1046 die
713 1019 816 1052 Quelle
843 1020 1020 1047 iiberliefert.

636 1170 704 1200 386.
737 1170 774 1199 111
797 1170 1061 1200 circumcisione
1082 1171 1230 1201 Domini.

537 1259 566 1290 1.
607 1258 764 1295 Gloriosa,
794 1255 811 1275 '³‘
840 1259 921 1297 vale,
949 1258 1118 1301 festivitas,

605 1307 673 1345 Qua
699 1306 879 1337 celebratur
906 1304 924 1322 *
953 1307 1072 1338 Christi
1097 1308 1266 1347 nativitas;

605 1358 705 1392 Quam
732 1354 959 1395 prophetarum
987 1351 1004 1370 *
1033 1355 1148 1386 cecinit
1174 1357 1291 1393 contio,

604 1402 757 1432 Miranda
782 1401 873 1432 nobis
901 1398 919 1417 *
947 1402 1085 1442 explicat
1112 1402 1201 1434 lectio

668 1446 772 1473 Isaiae
788 1446 969 1482 prophetae:
991 1446 1077 1475 Haec
1098 1446 1170 1476 dicit
1189 1446 1355 1482 Dominus,

610 1487 706 1519 Cuius
730 1492 863 1519 ventura
891 1484 909 1503 *
936 1496 1149 1526 praenoscens
1175 1489 1284 1520 oculus

607 1536 693 1574 Apte
721 1535 874 1566 describit
902 1532 919 1551 '³‘
947 1535 1076 1566 Domini
1102 1535 1248 1578 famulus,

608 1583 751 1621 Qualiter
777 1586 846 1613 erat
873 1579 891 1598 '¹‘
918 1583 1090 1614 salvandus
1110 1583 1254 1623 populus

668 1627 809 1664 gentium,
832 1628 884 1663 qui
903 1627 1077 1657 ambulabat
1099 1629 1130 1656 in
1153 1629 1289 1663 tenebris,

535 1670 567 1701 3.
606 1669 726 1708 Quibus
753 1669 909 1700 dimersus
937 1665 955 1684 *
983 1667 1088 1700 fuerat
1112 1670 1234 1701 meritis

604 1716 856 1755 Protoparentis,
885 1713 903 1731 *
932 1716 986 1747 diu
1013 1717 1201 1756 promissam
1224 1718 1304 1750 vidit

668 1761 758 1789 11468111
783 1770 930 1797 maqnam,

533 1804 565 1834 4.
607 1801 683 1833 Cum
710 1802 803 1833 stella
827 1802 925 1832 maris
1000 1803 1095 1834 castis
1122 1803 1298 1835 visceribus

604 1850 756 1881 Actorem
782 1850 867 1881 vitae
895 1846 912 1865 *
941 1848 1025 1881 fudit
1051 1851 1232 1882 hominibus

667 1894 878 1923 habitantibus
899 1895 932 1922 in
952 1896 1071 1931 reqione
1091 1896 1215 1924 umbrae
1235 1897 1350 1926 mortis.

534 1938 565 1969 5.
603 1936 710 1967 Patris
735 1936 774 1967 ab
801 1944 875 1967 arce
901 1937 1030 1968 veniens

666 1980 722 2008 lux
743 1983 809 2009 orta
830 1983 872 2009 est
892 1981 943 2014 eis,

533 2023 565 2055 6.
605 2023 651 2055 Ut
677 2020 840 2061 frangeret
865 2022 928 2053 iam
1003 2022 1114 2054 mortis
1139 2023 1273 2065 imperia

606 2069 788 2109 Nostraque
813 2077 909 2101 saeva
982 2069 1087 2108 piaret
1113 2071 1202 2103 vitia.

665 2113 821 2143 Parvalus
841 2114 919 2142 em'm
940 2117 1031 2142 natus
1053 2117 1096 2143 est
1116 2115 1203 2145 uobis

534 2156 565 2188 7.
605 2156 704 2188 Sacra
729 2155 849 2187 renatis
876 2152 895 2171 *
921 2155 1008 2187 unda
1034 2155 1246 2197 baptismatis,

669 2203 695 2228 et
715 2200 798 2237 filius
820 2199 911 2229 datus
932 2203 975 2229 est
995 2200 1091 2237 nobis,

535 2243 564 2274 S.
604 2242 667 2274 Per
692 2250 785 2281 quem
812 2246 926 2273 cuncta
953 2238 972 2257 *
1000 2242 1108 2281 vigent
1133 2247 1260 2283 creata3

668 2288 695 2315 et
715 2287 819 2322 factus
839 2289 883 2316 est
898 2287 1097 2330 prim-ipatus

667 2333 759 2362 Super
778 2333 914 2354 umermn
933 2333 1006 2359 elus,

532 2369 564 2401 9.
604 2366 734 2398 Fortem
761 2369 918 2398 armatum
945 2363 964 2382 *
993 2367 1095 2398 crucis
1121 2368 1269 2408 patibulo

606 2415 683 2447 Cum
710 2414 920 2454 triumphavit
947 2411 965 2430 *
993 2439 1180 2450 ......

669 2462 693 2488 et
715 2459 870 2489 vocabitur
891 2468 996 2488 nomen
1018 2460 1082 2489 eius

537 1489 567 1520 [Ο

953 1799 971 1817 *

956 2018 975 2037 *

937 2066 955 2085 *
