1653 2689
603 87 866 124 —145-

193 185 226 222 2.
253 183 394 220 Consors
418 184 490 226 ipse
514 184 595 223 Deo,
624 185 740 218 devota
766 189 872 217 mente
898 185 1036 226 prosilit,

321 228 396 267 quia
416 229 501 259 misit
519 228 674 260 Dominus

192 271 226 304 3.
250 270 442 312 Benignum‚
469 275 625 311 sanctum,
653 272 757 304 nitore
783 271 882 304 multo
906 274 1092 303 vernantem

318 315 459 353 arcadum
479 325 587 353 πψτη

190 357 224 391 4.
249 356 301 391 Ex
337 357 483 390 omnibus
510 358 673 390 collaudat
697 357 812 395 Deum,
837 358 894 390 sed
921 362 952 390 et
977 358 1108 397 insuper
1132 357 1242 391 addit:

323 405 351 432 et
371 403 483 440 eripuit
499 411 544 432 me

194 444 226 477 5.
254 442 418 485 Pennifer,
445 445 566 476 attritis
592 444 700 477 baccis
726 454 776 476 me
801 444 876 477 hinc
902 443 1053 477 liberavit

319 488 355 518 de
375 498 469 518 manu
492 489 634 523 Ηενοάίε,

193 531 226 564 6.
255 530 373 563 Positis
398 530 566 571 militibus,
592 539 648 563 seu
675 534 788 563 cuncto
815 531 953 570 maligno
981 535 1138 562 conventu

319 578 346 604 et
366 574 401 604 de
420 576 506 606 omni
525 576 747 612 exspectatione

193 616 223 649 7.
251 616 395 658 Proripit
422 615 548 656 fugatas
576 617 684 649 divino
711 621 789 649 nutu
816 617 963 649 cohortes

314 661 414 698 plebis
435 661 631 691 Iudaeorum.

149 750 238 784 Trop.
268 758 319 777 ms.
343 749 535 778 Martialense
565 758 640 777 saec.
671 748 714 778 10.
745 759 789 777 ex.
838 749 907 777 Cod.
929 751 1053 777 Parisin.
1084 747 1165 777 1084.
1186 751 1220 778 A.
1252 766 1280 769 -
1304 752 1393 789 Trop.

73 796 126 816 ms.
155 789 184 816 S.
205 788 328 816 Martini
350 789 572 816 Lemovicensis
601 796 677 815 saec.
702 786 744 815 ll.
767 790 806 815 in.
849 788 918 815 Cod.
941 789 1067 816 Pau-isin.
1092 786 1172 815 1120.
1194 790 1226 817 B.
1249 804 1284 808 —
1305 791 1393 827 Trop.

72 835 125 855 ms.
149 827 178 855 S.
199 827 322 855 Martini
342 826 605 861 (?)Lemovicensis
626 835 701 854 saec.
725 825 768 854 11.
811 825 882 854 cod.
898 827 1024 854 Parisin.
1046 824 1111 854 857.
1126 828 1157 853 C.
1174 842 1209 846 ——
1228 826 1251 859 1,
1276 828 1286 855 1
1305 830 1394 856 verba

93 866 227 893 raeconis
241 867 281 898 A?
304 865 379 892 auch
403 864 553 900 „praet0r¹'
579 867 622 893 als
640 865 771 893 Attribut
790 865 842 892 des
865 865 905 892 hl.
920 866 1026 892 Petrus
1048 867 1086 892 ist
1108 866 1340 901 ungewffihnlich.
1357 881 1393 886 —-

72 875 102 937 f,
125 901 143 931 2
178 905 236 931 eris
257 904 316 931 AB.
345 917 381 923 -
410 902 427 931 2
456 904 519 939 ipse
541 905 635 931 Deum
657 905 690 931 A.
713 920 748 923 —
769 902 787 931 3
808 905 935 931 nitorem
955 904 1039 932 ABC.
1062 919 1097 922 —
1121 902 1140 930 4
1160 908 1189 931 et
1209 905 1280 932 fehlt
1302 906 1334 931 Α.
1357 919 1392 924 —-

72 941 89 970 5
112 943 242 970 astrictis
262 943 363 970 baccis
386 943 420 969 Α.
447 956 477 960 -
499 942 517 969 6
538 940 675 978 [Po]sitis
696 942 731 969 A.
754 957 789 961 —
812 941 828 969 7
851 943 968 977 fugatus
990 943 1053 975 BC3
1074 943 1224 970 cohortem
1246 944 1334 970 ΛΒΤ).

530 1093 601 1124 335.
634 1093 672 1123 In
693 1093 806 1125 sancti
828 1094 938 1124 Petri.

192 1182 224 1216 1.
253 1182 386 1215 Praesul
410 1183 566 1215 ecelesiae
592 1183 736 1214 rutilanti
763 1183 881 1215 lumine
905 1183 1011 1215 clarus

247 1230 398 1264 Subsidio
424 1230 526 1263 fretus
552 1231 655 1271 inquit
686 1231 831 1270 angelico
857 1232 989 1263 Petrus:

321 1275 413 1304 Num
435 1276 498 1304 seio
519 1284 595 1311 vero,
617 1276 692 1313 quia
711 1276 795 1305 misit
819 1275 972 1305 Dominus
995 1275 1132 1314 anyclmn
1154 1284 1252 1311 suum,

195 1317 226 1351 2.
252 1316 438 1349 Ministrum
466 1317 594 1349 luminis
621 1317 792 1357 pellentem
820 1317 970 1349 tenebras
996 1318 1091 1355 antri,

321 1365 347 1390 et
367 1362 480 1399 eripuit
502 1371 544 1391 me
565 1362 600 1390 cle
622 1371 716 1391 manu
736 1362 869 1391 Herodis

192 1403 224 1437 3.
252 1403 385 1435 Horridi
416 1401 476 1447 [in]
505 1413 539 1435 se
565 1403 663 1435 nimia
689 1404 880 1436 crudelitate
908 1403 1055 1443 furentis,

322 1451 348 1476 et
370 1447 405 1476 de
425 1449 505 1478 omni
527 1449 744 1485 exspectatione

193 1490 226 1523 4.
253 1489 316 1523 ore
342 1499 439 1529 super
465 1490 578 1522 rabido
606 1489 784 1522 frendentis
811 1499 868 1521 nec
895 1491 1071 1522 reverentis

316 1535 415 1571 plebis
436 1535 635 1564 Iudaeorum.

148 1622 237 1657 Trop.
267 1624 533 1651 ms.Ma1-tialense
561 1631 637 1650 saec.
666 1622 710 1651 10.
759 1623 829 1651 Cod.
851 1624 977 1650 Parisin.
1007 1621 1088 1650 1084.
1116 1625 1150 1650 A.
1172 1637 1207 1642 —
1224 1624 1313 1659 Trop.
1340 1633 1392 1651 ms.

73 1659 103 1687 S.
123 1660 246 1688 Martini
266 1662 488 1689 Lemovieensis
517 1670 593 1689 saec.
625 1659 667 1688 11.
690 1663 729 1689 in.
772 1662 843 1689 eod.
865 1663 990 1689 Parisin.
1014 1659 1095 1688 1120.
1118 1663 1149 1689 B.
1171 1677 1207 1680 —
1229 1662 1316 1698 Trop.
1340 1672 1392 1690 ms.

72 1697 102 1726 S.
122 1698 245 1726 Martini
264 1699 528 1734 (2⁷)Lemovicensis
549 1708 625 1727 saec.
651 1699 694 1727 11.
741 1700 812 1728 eod.
834 1701 961 1728 Parisin.
982 1698 1046 1727 887.
1068 1701 1100 1727 C.
1122 1715 1157 1720 ———
1179 1699 1196 1728 3
1211 1699 1394 1736 [Ho]rridise

71 1737 164 1764 nimio
185 1739 228 1766 A:
250 1738 357 1765 furenti
378 1739 462 1766 ΑΒΕ.
483 1753 521 1756 -
541 1736 560 1765 4
580 1736 663 1775 [OJre
683 1740 723 1772 A?
746 1739 926 1767 frendentem
947 1747 1001 1766 nec
1025 1740 1170 1767 reverenti
1192 1739 1276 1766 ΑΒΕ.

533 1881 674 1912 336.1n
696 1881 807 1911 sancti
827 1881 939 1911 Petri.

197 1971 229 2004 1.
256 1969 360 2002 Sortis
385 1970 583 2010 apostolicae
612 1971 764 2012 princeps
792 1970 865 2002 dum
893 1970 1010 2002 lumine
1038 1972 1152 2003 Petrus

250 2018 407 2058 Angelico
433 2020 600 2058 lustratur,
626 2019 693 2051 abit
721 2019 760 2050 de
787 2027 918 2051 carcere
946 2020 1072 2051 dicens:

321 2063 416 2092 Num·
436 2063 498 2094 scio
518 2073 591 2099 vere,
614 2065 687 2101 quia
712 2065 793 2093 misit
813 2062 969 2093 Dominus
991 2064 1130 2101 [mmelmn
1153 2073 1252 2099 suum,

195 2107 227 2138 2.
253 2104 312 2146 Qui
339 2105 455 2137 mediis
481 2106 655 2145 splendens
682 2106 824 2138 tenebris
850 2105 928 2137 mihi
953 2106 1050 2137 solvit
1074 2106 1228 2148 habenas,

321 2153 348 2179 et
368 2150 480 2187 eripuit
502 2159 547 2180 me
566 2150 602 2180 de
622 2159 718 2180 manu
738 2150 871 2180 Herodis

194 2193 226 2226 3.
254 2191 429 2225 Custodum
457 2191 497 2224 de
523 2193 554 2224 vi
579 2193 724 2225 referens
750 2192 888 2224 caeleste
913 2193 1108 2232 triumphum

322 2239 350 2266 et
370 2236 406 2266 de
425 2237 509 2267 omni
528 2239 747 2275 exspectatione
762 2237 861 2276 plebis
881 2237 1075 2267 Iudaeorum.

149 2325 238 2363 Trop.
266 2334 319 2353 ms.
339 2325 534 2354 Martialense
559 2334 636 2354 saec.
667 2325 711 2355 10.
753 2327 823 2355 Cod.
845 2327 972 2354 Pan-isin.
1003 2324 1084 2355 1084.
1106 2326 1144 2354 A.
1166 2340 1202 2346 —
1225 2327 1310 2363 Trop.
1342 2336 1394 2355 ms.

70 2363 288 2392 Moissiaeense
315 2372 392 2392 saec.
420 2362 464 2392 11.
505 2364 575 2392 Cod.
595 2365 723 2394 Par-isin.
745 2366 841 2394 Nouv.
869 2374 933 2401 aeq.
958 2362 1039 2393 1871.
1060 2366 1094 2393 Β.
1116 2380 1152 2386 -
1176 2364 1200 2397 1,
1222 2365 1239 2393 2
1259 2367 1335 2393 abiit
1355 2366 1394 2400 133

73 2410 192 2431 carcere
211 2403 330 2431 rediens
350 2403 385 2430 A.
406 2417 444 2422 —
464 2400 482 2431 2
504 2404 597 2438 Quem
620 2405 654 2433 Β.
677 2419 707 2424 —
733 2402 751 2431 3
771 2405 808 2433 de
828 2405 892 2432 iure
913 2405 1008 2432 ferens
1029 2405 1062 2432 B.

128 2452 262 2482 Blume¹
279 2453 360 2483 Tropi
377 2453 541 2478 Graduales.
571 2453 609 2477 11.
1188 2452 1221 2480 10
