<?xml version="1.0" encoding="UTF-8"?>
<!DOCTYPE html PUBLIC "-//W3C//DTD XHTML 1.0 Transitional//EN"
    "http://www.w3.org/TR/xhtml1/DTD/xhtml1-transitional.dtd">
<html xmlns="http://www.w3.org/1999/xhtml" xml:lang="en" lang="en">
 <head>
  <title>
</title>
<meta http-equiv="Content-Type" content="text/html;charset=utf-8" />
  <meta name='ocr-system' content='tesseract 3.04.00' />
  <meta name='ocr-capabilities' content='ocr_page ocr_carea ocr_par ocr_line ocrx_word'/>
</head>
<body>
  <div class='ocr_page' id='page_1' title='image "./analectahymnica49drevuoft_0405.png"; bbox 0 0 1653 2689; ppageno 0'>
   <div class='ocr_carea' id='block_1_1' title="bbox 1215 72 1587 213">
    <p class='ocr_par' dir='ltr' id='par_1_1' title="bbox 1215 72 1587 213">
     <span class='ocr_line' id='line_1_1' title="bbox 1215 72 1587 167; baseline 0 -43"><span class='ocrx_word' id='word_1_1' title='bbox 1215 72 1587 135; x_wconf 95' lang='lat' dir='ltr'><strong>  </strong></span> <span class='ocrx_word' id='word_1_2' title='bbox 1554 124 1587 167; x_wconf 95' lang='lat' dir='ltr'><strong>  </strong></span> 
     </span>
     <span class='ocr_line' id='line_1_2' title="bbox 1412 167 1432 213; baseline 0 2476"><span class='ocrx_word' id='word_1_3' title='bbox 1412 167 1432 213; x_wconf 95' lang='lat' dir='ltr'><strong> </strong></span> 
     </span>
    </p>
   </div>
   <div class='ocr_carea' id='block_1_2' title="bbox 705 96 967 134">
    <p class='ocr_par' dir='ltr' id='par_1_2' title="bbox 705 96 967 134">
     <span class='ocr_line' id='line_1_3' title="bbox 705 96 967 134; baseline 0.015 -4"><span class='ocrx_word' id='word_1_4' title='bbox 705 96 967 134; x_wconf 82' lang='lat'>——402—.</span> 
     </span>
    </p>
   </div>
   <div class='ocr_carea' id='block_1_3' title="bbox 1312 135 1406 172">
    <p class='ocr_par' dir='ltr' id='par_1_3' title="bbox 1312 135 1406 172">
     <span class='ocr_line' id='line_1_4' title="bbox 1312 135 1406 172; baseline 0 -33"><span class='ocrx_word' id='word_1_5' title='bbox 1312 135 1318 139; x_wconf 79' lang='grc'>,</span> <span class='ocrx_word' id='word_1_6' title='bbox 1336 143 1367 159; x_wconf 14' lang='grc' dir='ltr'><strong>νὴ</strong></span> <span class='ocrx_word' id='word_1_7' title='bbox 1388 165 1406 172; x_wconf 23' lang='grc' dir='ltr'>ἡ</span> 
     </span>
    </p>
   </div>
   <div class='ocr_carea' id='block_1_4' title="bbox 1316 135 1432 167">
    <p class='ocr_par' dir='ltr' id='par_1_4' title="bbox 1316 135 1432 167">
     <span class='ocr_line' id='line_1_5' title="bbox 1316 135 1432 167; baseline 0 0"><span class='ocrx_word' id='word_1_8' title='bbox 1316 135 1345 167; x_wconf 95' lang='lat' dir='ltr'><strong> </strong></span> <span class='ocrx_word' id='word_1_9' title='bbox 1362 135 1432 167; x_wconf 95' lang='lat' dir='ltr'><strong> </strong></span> 
     </span>
    </p>
   </div>
   <div class='ocr_carea' id='block_1_5' title="bbox 179 148 1559 411">
    <p class='ocr_par' dir='ltr' id='par_1_5' title="bbox 179 148 1559 411">
     <span class='ocr_line' id='line_1_6' title="bbox 1495 148 1559 170; baseline -0.016 -3"><span class='ocrx_word' id='word_1_10' title='bbox 1495 152 1527 170; x_wconf 47' lang='lat'><strong>45</strong></span> <span class='ocrx_word' id='word_1_11' title='bbox 1539 148 1559 166; x_wconf 79' lang='lat'><strong>·¹.</strong></span> 
     </span>
     <span class='ocr_line' id='line_1_7' title="bbox 733 168 1554 222; baseline -0.005 -8"><span class='ocrx_word' id='word_1_12' title='bbox 733 189 808 214; x_wconf 81' lang='lat' dir='ltr'><strong>Seite</strong></span> <span class='ocrx_word' id='word_1_13' title='bbox 1432 212 1466 222; x_wconf 24' lang='grc' dir='ltr'><strong>’ὦ</strong></span> <span class='ocrx_word' id='word_1_14' title='bbox 1499 168 1530 217; x_wconf 49' lang='lat' dir='ltr'><strong>‘j</strong></span> <span class='ocrx_word' id='word_1_15' title='bbox 1551 174 1554 178; x_wconf 17' lang='grc' dir='ltr'><strong>λ</strong></span> 
     </span>
     <span class='ocr_line' id='line_1_8' title="bbox 179 215 1511 268; baseline 0 -11"><span class='ocrx_word' id='word_1_16' title='bbox 179 230 277 258; x_wconf 85' lang='lat' dir='ltr'><strong>Psalle</strong></span> <span class='ocrx_word' id='word_1_17' title='bbox 302 230 403 258; x_wconf 85' lang='lat' dir='ltr'><strong>sedule</strong></span> <span class='ocrx_word' id='word_1_18' title='bbox 422 232 520 268; x_wconf 84' lang='lat' dir='ltr'><strong>specie</strong></span> <span class='ocrx_word' id='word_1_19' title='bbox 561 252 567 258; x_wconf 90' lang='lat'>.</span> <span class='ocrx_word' id='word_1_20' title='bbox 609 250 616 257; x_wconf 92' lang='lat'><strong>.</strong></span> <span class='ocrx_word' id='word_1_21' title='bbox 657 252 664 260; x_wconf 94' lang='lat'><strong>.</strong></span> <span class='ocrx_word' id='word_1_22' title='bbox 703 251 711 258; x_wconf 91' lang='lat'><strong><em>.</em></strong></span> <span class='ocrx_word' id='word_1_23' title='bbox 750 228 808 258; x_wconf 84' lang='lat'><strong>229</strong></span> <span class='ocrx_word' id='word_1_24' title='bbox 866 231 952 265; x_wconf 82' lang='lat' dir='ltr'><strong>Quod</strong></span> <span class='ocrx_word' id='word_1_25' title='bbox 970 231 1069 266; x_wconf 87' lang='lat' dir='ltr'><strong>prisco</strong></span> <span class='ocrx_word' id='word_1_26' title='bbox 1090 231 1172 257; x_wconf 69' lang='lat' dir='ltr'><strong>vates</strong></span> <span class='ocrx_word' id='word_1_27' title='bbox 1193 229 1362 256; x_wconf 75' lang='lat' dir='ltr'><strong>cecinerunt</strong></span> <span class='ocrx_word' id='word_1_28' title='bbox 1393 247 1400 255; x_wconf 94' lang='lat'><em>.</em></span> <span class='ocrx_word' id='word_1_29' title='bbox 1456 215 1511 257; x_wconf 58' lang='grc' dir='ltr'><em>Ρῖ</em></span> 
     </span>
     <span class='ocr_line' id='line_1_9' title="bbox 180 273 1498 314; baseline -0.001 -9"><span class='ocrx_word' id='word_1_30' title='bbox 180 279 303 307; x_wconf 86' lang='lat' dir='ltr'><strong>Psallite</strong></span> <span class='ocrx_word' id='word_1_31' title='bbox 326 287 390 306; x_wconf 90' lang='lat' dir='ltr'><strong>cum</strong></span> <span class='ocrx_word' id='word_1_32' title='bbox 412 279 499 307; x_wconf 89' lang='lat' dir='ltr'><strong>laude</strong></span> <span class='ocrx_word' id='word_1_33' title='bbox 519 281 636 306; x_wconf 83' lang='lat' dir='ltr'><strong>cantate</strong></span> <span class='ocrx_word' id='word_1_34' title='bbox 657 298 664 306; x_wconf 92' lang='lat'>.</span> <span class='ocrx_word' id='word_1_35' title='bbox 705 298 712 304; x_wconf 96' lang='lat'>.</span> <span class='ocrx_word' id='word_1_36' title='bbox 771 275 809 306; x_wconf 87' lang='grc'><strong>32</strong></span> <span class='ocrx_word' id='word_1_37' title='bbox 867 279 1020 314; x_wconf 84' lang='lat' dir='ltr'><strong>Quomodo</strong></span> <span class='ocrx_word' id='word_1_38' title='bbox 1040 277 1090 306; x_wconf 86' lang='lat' dir='ltr'><strong>fiet</strong></span> <span class='ocrx_word' id='word_1_39' title='bbox 1111 277 1140 305; x_wconf 92' lang='lat' dir='ltr'><strong>id</strong></span> <span class='ocrx_word' id='word_1_40' title='bbox 1161 287 1178 305; x_wconf 89' lang='grc' dir='ltr'>ο</span> <span class='ocrx_word' id='word_1_41' title='bbox 1199 278 1283 314; x_wconf 85' lang='lat' dir='ltr'><strong>virgo</strong></span> <span class='ocrx_word' id='word_1_42' title='bbox 1299 298 1306 304; x_wconf 89' lang='lat'>.</span> <span class='ocrx_word' id='word_1_43' title='bbox 1346 294 1354 303; x_wconf 87' lang='lat'><strong>.</strong></span> <span class='ocrx_word' id='word_1_44' title='bbox 1394 297 1401 304; x_wconf 94' lang='lat'>.</span> <span class='ocrx_word' id='word_1_45' title='bbox 1441 273 1498 304; x_wconf 84' lang='grc'><strong>311</strong></span> 
     </span>
     <span class='ocr_line' id='line_1_10' title="bbox 181 321 1498 362; baseline -0.002 -9"><span class='ocrx_word' id='word_1_46' title='bbox 181 327 304 356; x_wconf 71' lang='lat' dir='ltr'><strong>Psallite</strong></span> <span class='ocrx_word' id='word_1_47' title='bbox 324 327 432 355; x_wconf 85' lang='lat' dir='ltr'><strong>dilecto</strong></span> <span class='ocrx_word' id='word_1_48' title='bbox 454 328 562 355; x_wconf 81' lang='lat' dir='ltr'><strong>meruit</strong></span> <span class='ocrx_word' id='word_1_49' title='bbox 580 327 632 362; x_wconf 88' lang='lat' dir='ltr'><strong>qui</strong></span> <span class='ocrx_word' id='word_1_50' title='bbox 657 346 664 354; x_wconf 90' lang='lat'><strong><em>.</em></strong></span> <span class='ocrx_word' id='word_1_51' title='bbox 705 346 712 353; x_wconf 89' lang='lat'>.</span> <span class='ocrx_word' id='word_1_52' title='bbox 751 323 808 354; x_wconf 83' lang='lat'><strong>285</strong></span> <span class='ocrx_word' id='word_1_53' title='bbox 865 326 1013 360; x_wconf 74' lang='lat' dir='ltr'><strong>Quoniam</strong></span> <span class='ocrx_word' id='word_1_54' title='bbox 1033 326 1178 355; x_wconf 83' lang='lat' dir='ltr'><strong>Dominus</strong></span> <span class='ocrx_word' id='word_1_55' title='bbox 1197 325 1281 352; x_wconf 85' lang='lat' dir='ltr'><strong>Iesus</strong></span> <span class='ocrx_word' id='word_1_56' title='bbox 1298 344 1306 352; x_wconf 89' lang='lat'>.</span> <span class='ocrx_word' id='word_1_57' title='bbox 1345 343 1352 350; x_wconf 89' lang='lat'>.</span> <span class='ocrx_word' id='word_1_58' title='bbox 1394 344 1401 350; x_wconf 85' lang='lat'>.</span> <span class='ocrx_word' id='word_1_59' title='bbox 1462 321 1498 351; x_wconf 87' lang='grc'><strong>19</strong></span> 
     </span>
     <span class='ocr_line' id='line_1_11' title="bbox 181 369 1500 411; baseline -0.002 -10"><span class='ocrx_word' id='word_1_60' title='bbox 181 375 303 403; x_wconf 85' lang='lat' dir='ltr'><strong>Psallite</strong></span> <span class='ocrx_word' id='word_1_61' title='bbox 323 375 503 411; x_wconf 75' lang='lat' dir='ltr'><strong>doctilogum</strong></span> <span class='ocrx_word' id='word_1_62' title='bbox 524 374 601 410; x_wconf 87' lang='lat' dir='ltr'><strong>quod</strong></span> <span class='ocrx_word' id='word_1_63' title='bbox 623 375 687 402; x_wconf 89' lang='lat' dir='ltr'><strong>iure</strong></span> <span class='ocrx_word' id='word_1_64' title='bbox 705 395 711 401; x_wconf 95' lang='lat'>.</span> <span class='ocrx_word' id='word_1_65' title='bbox 754 371 809 402; x_wconf 86' lang='lat'><strong>102</strong></span> <span class='ocrx_word' id='word_1_66' title='bbox 866 376 946 410; x_wconf 84' lang='lat' dir='ltr'><strong>Quos</strong></span> <span class='ocrx_word' id='word_1_67' title='bbox 967 374 1048 402; x_wconf 75' lang='lat' dir='ltr'><strong>dedit</strong></span> <span class='ocrx_word' id='word_1_68' title='bbox 1067 374 1145 402; x_wconf 86' lang='lat' dir='ltr'><strong>hunc</strong></span> <span class='ocrx_word' id='word_1_69' title='bbox 1165 373 1304 401; x_wconf 90' lang='lat' dir='ltr'><strong>mundum</strong></span> <span class='ocrx_word' id='word_1_70' title='bbox 1346 391 1353 399; x_wconf 90' lang='lat'><strong>.</strong></span> <span class='ocrx_word' id='word_1_71' title='bbox 1393 391 1401 398; x_wconf 90' lang='lat'><strong>.</strong></span> <span class='ocrx_word' id='word_1_72' title='bbox 1442 369 1500 399; x_wconf 87' lang='grc'><strong>284</strong></span> 
     </span>
    </p>
   </div>
   <div class='ocr_carea' id='block_1_6' title="bbox 178 418 1499 651">
    <p class='ocr_par' dir='ltr' id='par_1_6' title="bbox 178 418 1499 651">
     <span class='ocr_line' id='line_1_12' title="bbox 181 418 1498 458; baseline -0.002 -8"><span class='ocrx_word' id='word_1_73' title='bbox 181 423 305 452; x_wconf 89' lang='lat' dir='ltr'><strong>Psallite</strong></span> <span class='ocrx_word' id='word_1_74' title='bbox 326 423 411 451; x_wconf 88' lang='lat' dir='ltr'><strong>laude</strong></span> <span class='ocrx_word' id='word_1_75' title='bbox 433 426 548 450; x_wconf 79' lang='lat' dir='ltr'><strong>cantate</strong></span> <span class='ocrx_word' id='word_1_76' title='bbox 561 443 567 449; x_wconf 93' lang='lat'><strong><em>.</em></strong></span> <span class='ocrx_word' id='word_1_77' title='bbox 609 443 615 449; x_wconf 95' lang='lat'>.</span> <span class='ocrx_word' id='word_1_78' title='bbox 657 443 664 450; x_wconf 94' lang='lat'><em>.</em></span> <span class='ocrx_word' id='word_1_79' title='bbox 704 442 712 450; x_wconf 90' lang='lat'><strong>.</strong></span> <span class='ocrx_word' id='word_1_80' title='bbox 770 419 808 449; x_wconf 88' lang='grc'><strong>32</strong></span> <span class='ocrx_word' id='word_1_81' title='bbox 866 423 947 458; x_wconf 86' lang='lat' dir='ltr'><strong>Quos</strong></span> <span class='ocrx_word' id='word_1_82' title='bbox 968 423 1044 451; x_wconf 79' lang='lat' dir='ltr'><strong>iuste</strong></span> <span class='ocrx_word' id='word_1_83' title='bbox 1065 423 1219 450; x_wconf 83' lang='lat' dir='ltr'><strong>damnarat</strong></span> <span class='ocrx_word' id='word_1_84' title='bbox 1250 442 1257 450; x_wconf 88' lang='lat'><strong>.</strong></span> <span class='ocrx_word' id='word_1_85' title='bbox 1298 442 1304 449; x_wconf 97' lang='lat'>.</span> <span class='ocrx_word' id='word_1_86' title='bbox 1345 441 1352 448; x_wconf 96' lang='lat'>.</span> <span class='ocrx_word' id='word_1_87' title='bbox 1393 441 1400 449; x_wconf 90' lang='lat'>.</span> <span class='ocrx_word' id='word_1_88' title='bbox 1440 418 1498 448; x_wconf 87' lang='grc'><strong>325</strong></span> 
     </span>
     <span class='ocr_line' id='line_1_13' title="bbox 179 467 1497 508; baseline -0.002 -8"><span class='ocrx_word' id='word_1_89' title='bbox 179 471 302 500; x_wconf 84' lang='lat' dir='ltr'><strong>Psallite</strong></span> <span class='ocrx_word' id='word_1_90' title='bbox 323 480 400 499; x_wconf 89' lang='lat' dir='ltr'><strong>nunc</strong></span> <span class='ocrx_word' id='word_1_91' title='bbox 422 471 536 499; x_wconf 86' lang='lat' dir='ltr'><strong>Christo</strong></span> <span class='ocrx_word' id='word_1_92' title='bbox 559 472 641 506; x_wconf 85' lang='lat' dir='ltr'><strong>pueri</strong></span> <span class='ocrx_word' id='word_1_93' title='bbox 656 490 663 498; x_wconf 90' lang='lat'><strong>.</strong></span> <span class='ocrx_word' id='word_1_94' title='bbox 703 489 711 498; x_wconf 86' lang='lat'><strong>.</strong></span> <span class='ocrx_word' id='word_1_95' title='bbox 753 468 808 497; x_wconf 88' lang='lat'>114</span> <span class='ocrx_word' id='word_1_96' title='bbox 865 473 946 506; x_wconf 83' lang='lat' dir='ltr'><strong>Quos</strong></span> <span class='ocrx_word' id='word_1_97' title='bbox 966 481 1033 500; x_wconf 87' lang='lat' dir='ltr'><strong>mea</strong></span> <span class='ocrx_word' id='word_1_98' title='bbox 1052 474 1192 508; x_wconf 83' lang='lat' dir='ltr'><strong>perpetuo</strong></span> <span class='ocrx_word' id='word_1_99' title='bbox 1214 471 1342 506; x_wconf 76' lang='lat' dir='ltr'><strong>praescit</strong></span> <span class='ocrx_word' id='word_1_100' title='bbox 1391 489 1398 497; x_wconf 90' lang='lat'>.</span> <span class='ocrx_word' id='word_1_101' title='bbox 1459 467 1497 498; x_wconf 89' lang='grc'><strong>63</strong></span> 
     </span>
     <span class='ocr_line' id='line_1_14' title="bbox 178 515 1498 556; baseline -0.001 -10"><span class='ocrx_word' id='word_1_102' title='bbox 178 519 301 548; x_wconf 85' lang='lat' dir='ltr'><strong>Psallite</strong></span> <span class='ocrx_word' id='word_1_103' title='bbox 322 520 383 555; x_wconf 85' lang='lat' dir='ltr'><strong>regi</strong></span> <span class='ocrx_word' id='word_1_104' title='bbox 405 528 509 554; x_wconf 84' lang='lat' dir='ltr'><strong>magno</strong></span> <span class='ocrx_word' id='word_1_105' title='bbox 561 539 567 546; x_wconf 93' lang='lat'>.</span> <span class='ocrx_word' id='word_1_106' title='bbox 608 538 615 545; x_wconf 92' lang='lat'><em>.</em></span> <span class='ocrx_word' id='word_1_107' title='bbox 656 539 663 546; x_wconf 92' lang='lat'><strong>.</strong></span> <span class='ocrx_word' id='word_1_108' title='bbox 704 539 710 545; x_wconf 97' lang='lat'>.</span> <span class='ocrx_word' id='word_1_109' title='bbox 770 516 807 545; x_wconf 84' lang='lat'><strong>54</strong></span> <span class='ocrx_word' id='word_1_110' title='bbox 866 521 946 555; x_wconf 83' lang='lat' dir='ltr'><strong>Quos</strong></span> <span class='ocrx_word' id='word_1_111' title='bbox 966 522 1074 548; x_wconf 82' lang='lat' dir='ltr'><strong>trinum</strong></span> <span class='ocrx_word' id='word_1_112' title='bbox 1096 521 1243 556; x_wconf 82' lang='lat' dir='ltr'>specimen</span> <span class='ocrx_word' id='word_1_113' title='bbox 1297 538 1304 545; x_wconf 92' lang='lat'><em>.</em></span> <span class='ocrx_word' id='word_1_114' title='bbox 1344 537 1351 545; x_wconf 84' lang='lat'>.</span> <span class='ocrx_word' id='word_1_115' title='bbox 1392 537 1399 545; x_wconf 91' lang='lat'>.</span> <span class='ocrx_word' id='word_1_116' title='bbox 1444 515 1498 546; x_wconf 87' lang='lat'>108</span> 
     </span>
     <span class='ocr_line' id='line_1_15' title="bbox 180 563 1499 603; baseline -0.001 -8"><span class='ocrx_word' id='word_1_117' title='bbox 180 567 304 596; x_wconf 82' lang='lat' dir='ltr'><strong>Psallite</strong></span> <span class='ocrx_word' id='word_1_118' title='bbox 325 570 491 594; x_wconf 80' lang='lat' dir='ltr'><strong>sanctorum</strong></span> <span class='ocrx_word' id='word_1_119' title='bbox 513 567 671 603; x_wconf 70' lang='lat' dir='ltr'><strong>praecoma</strong></span> <span class='ocrx_word' id='word_1_120' title='bbox 705 587 712 593; x_wconf 93' lang='lat'><em>.</em></span> <span class='ocrx_word' id='word_1_121' title='bbox 751 563 808 594; x_wconf 85' lang='lat'><strong>350</strong></span> <span class='ocrx_word' id='word_1_122' title='bbox 866 569 946 603; x_wconf 85' lang='lat' dir='ltr'><strong>Quos</strong></span> <span class='ocrx_word' id='word_1_123' title='bbox 966 569 1075 597; x_wconf 83' lang='lat' dir='ltr'><strong>virtute</strong></span> <span class='ocrx_word' id='word_1_124' title='bbox 1095 569 1139 597; x_wconf 87' lang='lat' dir='ltr'><strong>tui</strong></span> <span class='ocrx_word' id='word_1_125' title='bbox 1161 577 1212 596; x_wconf 84' lang='lat' dir='ltr'><strong>rex</strong></span> <span class='ocrx_word' id='word_1_126' title='bbox 1232 567 1307 595; x_wconf 86' lang='lat' dir='ltr'><strong>caeli</strong></span> <span class='ocrx_word' id='word_1_127' title='bbox 1346 588 1353 594; x_wconf 93' lang='lat'>.</span> <span class='ocrx_word' id='word_1_128' title='bbox 1393 587 1400 594; x_wconf 92' lang='lat'>.</span> <span class='ocrx_word' id='word_1_129' title='bbox 1440 564 1499 594; x_wconf 80' lang='lat'><strong>304</strong></span> 
     </span>
     <span class='ocr_line' id='line_1_16' title="bbox 178 611 806 651; baseline -0.002 -9"><span class='ocrx_word' id='word_1_130' title='bbox 178 615 255 642; x_wconf 86' lang='lat' dir='ltr'><strong>Pura</strong></span> <span class='ocrx_word' id='word_1_131' title='bbox 276 616 465 651; x_wconf 84' lang='lat' dir='ltr'><strong>puerpariens</strong></span> <span class='ocrx_word' id='word_1_132' title='bbox 511 634 710 642; x_wconf 87' lang='grc'><strong>.....</strong></span> <span class='ocrx_word' id='word_1_133' title='bbox 751 611 806 641; x_wconf 83' lang='grc'><strong>337</strong></span> 
     </span>
    </p>
   </div>
   <div class='ocr_carea' id='block_1_7' title="bbox 176 651 1498 1020">
    <p class='ocr_par' dir='ltr' id='par_1_7' title="bbox 176 651 1498 1020">
     <span class='ocr_line' id='line_1_17' title="bbox 866 651 1498 691; baseline -0.003 -8"><span class='ocrx_word' id='word_1_134' title='bbox 866 653 966 683; x_wconf 83' lang='lat' dir='ltr'><strong>Radix</strong></span> <span class='ocrx_word' id='word_1_135' title='bbox 984 657 1091 683; x_wconf 85' lang='lat' dir='ltr'><strong>veniae</strong></span> <span class='ocrx_word' id='word_1_136' title='bbox 1108 653 1112 691; x_wconf 92' lang='grc' dir='ltr'>Ι</span> <span class='ocrx_word' id='word_1_137' title='bbox 1129 655 1213 682; x_wconf 86' lang='lat' dir='ltr'><strong>Vena</strong></span> <span class='ocrx_word' id='word_1_138' title='bbox 1233 654 1349 690; x_wconf 80' lang='lat' dir='ltr'><strong>gratiae</strong></span> <span class='ocrx_word' id='word_1_139' title='bbox 1393 675 1400 681; x_wconf 87' lang='lat'><em>.</em></span> <span class='ocrx_word' id='word_1_140' title='bbox 1441 651 1498 681; x_wconf 84' lang='lat'><strong>242</strong></span> 
     </span>
     <span class='ocr_line' id='line_1_18' title="bbox 177 697 1498 740; baseline 0 -11"><span class='ocrx_word' id='word_1_141' title='bbox 177 699 271 740; x_wconf 74' lang='lat' dir='ltr'><strong>Quam</strong></span> <span class='ocrx_word' id='word_1_142' title='bbox 292 702 367 728; x_wconf 82' lang='lat' dir='ltr'><strong>bene</strong></span> <span class='ocrx_word' id='word_1_143' title='bbox 387 701 513 729; x_wconf 78' lang='lat' dir='ltr'><strong>laetatur</strong></span> <span class='ocrx_word' id='word_1_144' title='bbox 562 720 568 727; x_wconf 87' lang='lat'>-</span> <span class='ocrx_word' id='word_1_145' title='bbox 609 720 616 727; x_wconf 84' lang='lat'><strong>·</strong></span> <span class='ocrx_word' id='word_1_146' title='bbox 658 722 664 727; x_wconf 89' lang='lat'><em>.</em></span> <span class='ocrx_word' id='word_1_147' title='bbox 705 719 712 726; x_wconf 91' lang='lat'>-</span> <span class='ocrx_word' id='word_1_148' title='bbox 750 697 807 726; x_wconf 82' lang='grc'><strong>349</strong></span> <span class='ocrx_word' id='word_1_149' title='bbox 866 704 1030 732; x_wconf 74' lang='lat' dir='ltr'><strong>Recordare</strong></span> <span class='ocrx_word' id='word_1_150' title='bbox 1049 703 1118 731; x_wconf 78' lang='lat' dir='ltr'><strong>Iesu</strong></span> <span class='ocrx_word' id='word_1_151' title='bbox 1141 702 1259 730; x_wconf 81' lang='lat' dir='ltr'><strong>Christe</strong></span> <span class='ocrx_word' id='word_1_152' title='bbox 1296 722 1303 730; x_wconf 93' lang='lat'><strong>.</strong></span> <span class='ocrx_word' id='word_1_153' title='bbox 1344 723 1351 730; x_wconf 89' lang='lat'><strong><em>.</em></strong></span> <span class='ocrx_word' id='word_1_154' title='bbox 1393 722 1399 729; x_wconf 96' lang='lat'>.</span> <span class='ocrx_word' id='word_1_155' title='bbox 1441 700 1498 730; x_wconf 86' lang='grc'><strong>326</strong></span> 
     </span>
     <span class='ocr_line' id='line_1_19' title="bbox 178 745 1497 782; baseline 0.002 -8"><span class='ocrx_word' id='word_1_156' title='bbox 178 750 271 782; x_wconf 80' lang='lat' dir='ltr'><strong>Quam</strong></span> <span class='ocrx_word' id='word_1_157' title='bbox 295 748 427 776; x_wconf 86' lang='lat' dir='ltr'><strong>miranda</strong></span> <span class='ocrx_word' id='word_1_158' title='bbox 447 749 519 776; x_wconf 81' lang='lat' dir='ltr'><strong>facis</strong></span> <span class='ocrx_word' id='word_1_159' title='bbox 560 769 565 774; x_wconf 94' lang='lat'>.</span> <span class='ocrx_word' id='word_1_160' title='bbox 608 768 614 774; x_wconf 95' lang='lat'><em>.</em></span> <span class='ocrx_word' id='word_1_161' title='bbox 655 767 662 774; x_wconf 88' lang='lat'><strong><em>.</em></strong></span> <span class='ocrx_word' id='word_1_162' title='bbox 703 766 710 773; x_wconf 92' lang='lat'>.</span> <span class='ocrx_word' id='word_1_163' title='bbox 753 745 807 774; x_wconf 89' lang='lat'><strong>113</strong></span> <span class='ocrx_word' id='word_1_164' title='bbox 865 752 1029 780; x_wconf 81' lang='lat' dir='ltr'><strong>Recordare</strong></span> <span class='ocrx_word' id='word_1_165' title='bbox 1049 751 1142 779; x_wconf 83' lang='lat' dir='ltr'><strong>nostri</strong></span> <span class='ocrx_word' id='word_1_166' title='bbox 1164 751 1248 778; x_wconf 86' lang='lat' dir='ltr'><strong>Anna</strong></span> <span class='ocrx_word' id='word_1_167' title='bbox 1297 771 1303 778; x_wconf 93' lang='lat'><strong><em>.</em></strong></span> <span class='ocrx_word' id='word_1_168' title='bbox 1345 772 1352 780; x_wconf 85' lang='lat'>.</span> <span class='ocrx_word' id='word_1_169' title='bbox 1392 770 1400 778; x_wconf 89' lang='lat'><strong>.</strong></span> <span class='ocrx_word' id='word_1_170' title='bbox 1439 747 1497 778; x_wconf 82' lang='lat'><strong>326</strong></span> 
     </span>
     <span class='ocr_line' id='line_1_20' title="bbox 180 792 1497 829; baseline -0.002 0"><span class='ocrx_word' id='word_1_171' title='bbox 180 796 304 829; x_wconf 83' lang='lat' dir='ltr'><strong>Quando</strong></span> <span class='ocrx_word' id='word_1_172' title='bbox 326 796 400 824; x_wconf 84' lang='lat' dir='ltr'><strong>caeli</strong></span> <span class='ocrx_word' id='word_1_173' title='bbox 422 795 557 823; x_wconf 71' lang='lat' dir='ltr'><strong>mOVendi</strong></span> <span class='ocrx_word' id='word_1_174' title='bbox 607 815 614 822; x_wconf 91' lang='lat'><em>·</em></span> <span class='ocrx_word' id='word_1_175' title='bbox 656 817 661 822; x_wconf 92' lang='lat'>·</span> <span class='ocrx_word' id='word_1_176' title='bbox 705 815 711 821; x_wconf 94' lang='lat'>·</span> <span class='ocrx_word' id='word_1_177' title='bbox 751 792 808 822; x_wconf 80' lang='grc'><strong>380</strong></span> <span class='ocrx_word' id='word_1_178' title='bbox 865 799 1030 828; x_wconf 83' lang='lat' dir='ltr'><strong>Recordare</strong></span> <span class='ocrx_word' id='word_1_179' title='bbox 1050 799 1181 826; x_wconf 77' lang='lat' dir='ltr'><strong>Tui-onia</strong></span> <span class='ocrx_word' id='word_1_180' title='bbox 1201 817 1399 826; x_wconf 92' lang='grc'>.....</span> <span class='ocrx_word' id='word_1_181' title='bbox 1439 796 1497 826; x_wconf 89' lang='grc'><strong>327</strong></span> 
     </span>
     <span class='ocr_line' id='line_1_21' title="bbox 178 840 1496 883; baseline -0.002 -12"><span class='ocrx_word' id='word_1_182' title='bbox 178 844 302 877; x_wconf 74' lang='lat' dir='ltr'><strong>Quando</strong></span> <span class='ocrx_word' id='word_1_183' title='bbox 325 845 403 871; x_wconf 72' lang='lat' dir='ltr'><strong>Deus</strong></span> <span class='ocrx_word' id='word_1_184' title='bbox 424 844 503 871; x_wconf 77' lang='lat' dir='ltr'><strong>filius</strong></span> <span class='ocrx_word' id='word_1_185' title='bbox 524 844 649 879; x_wconf 76' lang='lat' dir='ltr'><strong>Virginis</strong></span> <span class='ocrx_word' id='word_1_186' title='bbox 703 863 710 869; x_wconf 83' lang='lat'><em>.</em></span> <span class='ocrx_word' id='word_1_187' title='bbox 750 840 807 869; x_wconf 79' lang='lat'><strong>383</strong></span> <span class='ocrx_word' id='word_1_188' title='bbox 864 848 1029 876; x_wconf 76' lang='lat' dir='ltr'><strong>Recordare</strong></span> <span class='ocrx_word' id='word_1_189' title='bbox 1050 848 1134 883; x_wconf 70' lang='lat' dir='ltr'><strong>virgo</strong></span> <span class='ocrx_word' id='word_1_190' title='bbox 1157 849 1268 882; x_wconf 67' lang='lat' dir='ltr'><strong>martyr</strong></span> <span class='ocrx_word' id='word_1_191' title='bbox 1297 867 1303 872; x_wconf 75' lang='grc'>,</span> <span class='ocrx_word' id='word_1_192' title='bbox 1345 868 1352 875; x_wconf 60' lang='grc'><em>,</em></span> <span class='ocrx_word' id='word_1_193' title='bbox 1393 866 1400 874; x_wconf 77' lang='grc'>,</span> <span class='ocrx_word' id='word_1_194' title='bbox 1440 844 1496 873; x_wconf 64' lang='grc'><strong>227</strong></span> 
     </span>
     <span class='ocr_line' id='line_1_22' title="bbox 176 888 1496 930; baseline -0.002 -12"><span class='ocrx_word' id='word_1_195' title='bbox 176 892 286 924; x_wconf 73' lang='lat' dir='ltr'><strong>Quanti</strong></span> <span class='ocrx_word' id='word_1_196' title='bbox 309 894 426 918; x_wconf 74' lang='lat' dir='ltr'><strong>sanctus</strong></span> <span class='ocrx_word' id='word_1_197' title='bbox 449 893 487 918; x_wconf 73' lang='lat' dir='ltr'><strong>Sit</strong></span> <span class='ocrx_word' id='word_1_198' title='bbox 506 892 634 918; x_wconf 70' lang='lat' dir='ltr'><strong>nominis</strong></span> <span class='ocrx_word' id='word_1_199' title='bbox 656 911 663 918; x_wconf 89' lang='grc'><strong>.</strong></span> <span class='ocrx_word' id='word_1_200' title='bbox 703 910 710 917; x_wconf 84' lang='grc'><strong>.</strong></span> <span class='ocrx_word' id='word_1_201' title='bbox 750 888 807 917; x_wconf 80' lang='grc'><strong>338</strong></span> <span class='ocrx_word' id='word_1_202' title='bbox 865 896 1029 924; x_wconf 73' lang='lat' dir='ltr'><strong>Recordare</strong></span> <span class='ocrx_word' id='word_1_203' title='bbox 1049 895 1133 930; x_wconf 79' lang='lat' dir='ltr'><strong>virgo</strong></span> <span class='ocrx_word' id='word_1_204' title='bbox 1152 896 1246 922; x_wconf 76' lang='lat' dir='ltr'><strong>mater</strong></span> <span class='ocrx_word' id='word_1_205' title='bbox 1261 915 1266 921; x_wconf 83' lang='grc'>,</span> <span class='ocrx_word' id='word_1_206' title='bbox 1283 915 1290 921; x_wconf 86' lang='grc'><strong>,</strong></span> <span class='ocrx_word' id='word_1_207' title='bbox 1305 914 1312 921; x_wconf 78' lang='lat'><em>,</em></span> <span class='ocrx_word' id='word_1_208' title='bbox 1331 892 1335 929; x_wconf 81' lang='grc' dir='ltr'>Ι</span> <span class='ocrx_word' id='word_1_209' title='bbox 1353 894 1398 922; x_wconf 80' lang='lat' dir='ltr'><strong>Ab</strong></span> <span class='ocrx_word' id='word_1_210' title='bbox 1439 891 1496 920; x_wconf 71' lang='lat'><strong>3⁸23</strong></span> 
     </span>
     <span class='ocr_line' id='line_1_23' title="bbox 177 935 1497 978; baseline -0.003 -6"><span class='ocrx_word' id='word_1_211' title='bbox 177 939 426 972; x_wconf 61' lang='lat' dir='ltr'><strong>Quemadmfflum</strong></span> <span class='ocrx_word' id='word_1_212' title='bbox 449 939 564 965; x_wconf 63' lang='lat' dir='ltr'><strong>Vidistis</strong></span> <span class='ocrx_word' id='word_1_213' title='bbox 604 958 610 965; x_wconf 65' lang='lat'>¹</span> <span class='ocrx_word' id='word_1_214' title='bbox 654 959 661 965; x_wconf 89' lang='lat'><strong>·</strong></span> <span class='ocrx_word' id='word_1_215' title='bbox 702 958 709 964; x_wconf 95' lang='lat'>·</span> <span class='ocrx_word' id='word_1_216' title='bbox 749 935 807 966; x_wconf 79' lang='grc'><strong>319</strong></span> <span class='ocrx_word' id='word_1_217' title='bbox 865 944 1029 972; x_wconf 86' lang='lat' dir='ltr'><strong>Recordare</strong></span> <span class='ocrx_word' id='word_1_218' title='bbox 1040 943 1124 978; x_wconf 87' lang='lat' dir='ltr'><strong>virgo</strong></span> <span class='ocrx_word' id='word_1_219' title='bbox 1135 946 1228 970; x_wconf 85' lang='lat' dir='ltr'><strong>mater</strong></span> <span class='ocrx_word' id='word_1_220' title='bbox 1239 962 1246 968; x_wconf 91' lang='lat'><strong>.</strong></span> <span class='ocrx_word' id='word_1_221' title='bbox 1255 963 1261 969; x_wconf 93' lang='lat'><strong><em>.</em></strong></span> <span class='ocrx_word' id='word_1_222' title='bbox 1271 963 1278 970; x_wconf 87' lang='lat'><strong>.</strong></span> <span class='ocrx_word' id='word_1_223' title='bbox 1295 939 1301 977; x_wconf 88' lang='grc'><strong>1</strong></span> <span class='ocrx_word' id='word_1_224' title='bbox 1319 943 1400 977; x_wconf 78' lang='lat' dir='ltr'><strong>Quos</strong></span> <span class='ocrx_word' id='word_1_225' title='bbox 1440 939 1497 968; x_wconf 77' lang='lat'><strong>325</strong></span> 
     </span>
     <span class='ocr_line' id='line_1_24' title="bbox 176 983 1498 1020; baseline -0.002 -7"><span class='ocrx_word' id='word_1_226' title='bbox 176 990 269 1020; x_wconf 74' lang='lat' dir='ltr'><strong>Quem</strong></span> <span class='ocrx_word' id='word_1_227' title='bbox 290 987 364 1013; x_wconf 85' lang='lat' dir='ltr'><strong>caeli</strong></span> <span class='ocrx_word' id='word_1_228' title='bbox 387 988 467 1013; x_wconf 85' lang='lat' dir='ltr'><strong>cives</strong></span> <span class='ocrx_word' id='word_1_229' title='bbox 488 987 574 1013; x_wconf 85' lang='lat' dir='ltr'><strong>terris</strong></span> <span class='ocrx_word' id='word_1_230' title='bbox 606 1006 613 1013; x_wconf 86' lang='lat'>.</span> <span class='ocrx_word' id='word_1_231' title='bbox 654 1008 660 1013; x_wconf 86' lang='lat'>.</span> <span class='ocrx_word' id='word_1_232' title='bbox 702 1007 708 1014; x_wconf 89' lang='lat'><strong>.</strong></span> <span class='ocrx_word' id='word_1_233' title='bbox 751 983 805 1013; x_wconf 84' lang='lat'><strong>125</strong></span> <span class='ocrx_word' id='word_1_234' title='bbox 864 993 972 1020; x_wconf 66' lang='lat' dir='ltr'><strong>Recto,-</strong></span> <span class='ocrx_word' id='word_1_235' title='bbox 992 999 1103 1018; x_wconf 65' lang='lat' dir='ltr'><strong>summe</strong></span> <span class='ocrx_word' id='word_1_236' title='bbox 1124 999 1226 1018; x_wconf 72' lang='lat' dir='ltr'><strong>creans</strong></span> <span class='ocrx_word' id='word_1_237' title='bbox 1249 1011 1255 1016; x_wconf 72' lang='grc'><strong>,</strong></span> <span class='ocrx_word' id='word_1_238' title='bbox 1297 1010 1303 1016; x_wconf 77' lang='grc'>,</span> <span class='ocrx_word' id='word_1_239' title='bbox 1344 1010 1351 1016; x_wconf 79' lang='lat'><em>,</em></span> <span class='ocrx_word' id='word_1_240' title='bbox 1392 1010 1399 1017; x_wconf 82' lang='grc'><em>,</em></span> <span class='ocrx_word' id='word_1_241' title='bbox 1441 987 1498 1016; x_wconf 72' lang='grc'><strong>234</strong></span> 
     </span>
    </p>
   </div>
   <div class='ocr_carea' id='block_1_8' title="bbox 176 1032 1500 2170">
    <p class='ocr_par' dir='ltr' id='par_1_8' title="bbox 176 1032 1500 1786">
     <span class='ocr_line' id='line_1_25' title="bbox 177 1032 1498 1076; baseline 0.001 -12"><span class='ocrx_word' id='word_1_242' title='bbox 177 1035 269 1068; x_wconf 82' lang='lat' dir='ltr'><strong>Quem</strong></span> <span class='ocrx_word' id='word_1_243' title='bbox 291 1033 395 1061; x_wconf 67' lang='lat' dir='ltr'><strong>chorus</strong></span> <span class='ocrx_word' id='word_1_244' title='bbox 417 1034 567 1069; x_wconf 71' lang='lat' dir='ltr'><strong>angelicus</strong></span> <span class='ocrx_word' id='word_1_245' title='bbox 606 1055 611 1060; x_wconf 88' lang='lat'>·</span> <span class='ocrx_word' id='word_1_246' title='bbox 654 1054 661 1061; x_wconf 92' lang='lat'>·</span> <span class='ocrx_word' id='word_1_247' title='bbox 702 1054 708 1060; x_wconf 92' lang='lat'><em>·</em></span> <span class='ocrx_word' id='word_1_248' title='bbox 769 1032 807 1061; x_wconf 88' lang='lat'><strong>50</strong></span> <span class='ocrx_word' id='word_1_249' title='bbox 864 1041 944 1076; x_wconf 86' lang='lat' dir='ltr'><strong>Rege</strong></span> <span class='ocrx_word' id='word_1_250' title='bbox 965 1043 1064 1067; x_wconf 86' lang='lat' dir='ltr'><strong>nostro</strong></span> <span class='ocrx_word' id='word_1_251' title='bbox 1086 1047 1172 1066; x_wconf 87' lang='lat' dir='ltr'><strong>carne</strong></span> <span class='ocrx_word' id='word_1_252' title='bbox 1195 1042 1272 1066; x_wconf 85' lang='lat' dir='ltr'><strong>tecto</strong></span> <span class='ocrx_word' id='word_1_253' title='bbox 1298 1060 1304 1065; x_wconf 94' lang='lat'>.</span> <span class='ocrx_word' id='word_1_254' title='bbox 1345 1059 1352 1066; x_wconf 86' lang='lat'>.</span> <span class='ocrx_word' id='word_1_255' title='bbox 1393 1059 1400 1065; x_wconf 84' lang='lat'><strong>.</strong></span> <span class='ocrx_word' id='word_1_256' title='bbox 1460 1036 1498 1065; x_wconf 86' lang='grc'><strong>27</strong></span> 
     </span>
     <span class='ocr_line' id='line_1_26' title="bbox 176 1080 1499 1123; baseline 0.003 -15"><span class='ocrx_word' id='word_1_257' title='bbox 176 1082 270 1115; x_wconf 80' lang='lat' dir='ltr'><strong>Quem</strong></span> <span class='ocrx_word' id='word_1_258' title='bbox 293 1082 373 1109; x_wconf 84' lang='lat' dir='ltr'><strong>cives</strong></span> <span class='ocrx_word' id='word_1_259' title='bbox 394 1082 527 1116; x_wconf 85' lang='lat' dir='ltr'><strong>polorum</strong></span> <span class='ocrx_word' id='word_1_260' title='bbox 559 1102 565 1108; x_wconf 89' lang='lat'><strong>.</strong></span> <span class='ocrx_word' id='word_1_261' title='bbox 607 1104 612 1109; x_wconf 92' lang='lat'><em>.</em></span> <span class='ocrx_word' id='word_1_262' title='bbox 655 1102 662 1109; x_wconf 90' lang='lat'><strong>.</strong></span> <span class='ocrx_word' id='word_1_263' title='bbox 703 1101 710 1108; x_wconf 85' lang='lat'><strong>.</strong></span> <span class='ocrx_word' id='word_1_264' title='bbox 769 1080 807 1109; x_wconf 78' lang='lat'><strong>43</strong></span> <span class='ocrx_word' id='word_1_265' title='bbox 864 1089 939 1123; x_wconf 70' lang='lat' dir='ltr'><strong>Regi</strong></span> <span class='ocrx_word' id='word_1_266' title='bbox 961 1091 1130 1115; x_wconf 72' lang='lat' dir='ltr'><strong>cunctorum</strong></span> <span class='ocrx_word' id='word_1_267' title='bbox 1151 1088 1203 1123; x_wconf 88' lang='lat' dir='ltr'><strong>qui</strong></span> <span class='ocrx_word' id='word_1_268' title='bbox 1224 1087 1304 1114; x_wconf 82' lang='lat' dir='ltr'><strong>solus</strong></span> <span class='ocrx_word' id='word_1_269' title='bbox 1345 1106 1353 1114; x_wconf 94' lang='lat'><strong><em>.</em></strong></span> <span class='ocrx_word' id='word_1_270' title='bbox 1393 1106 1400 1114; x_wconf 90' lang='lat'>.</span> <span class='ocrx_word' id='word_1_271' title='bbox 1440 1084 1499 1114; x_wconf 81' lang='grc'><strong>284</strong></span> 
     </span>
     <span class='ocr_line' id='line_1_27' title="bbox 176 1128 1498 1170; baseline 0.003 -13"><span class='ocrx_word' id='word_1_272' title='bbox 176 1130 269 1163; x_wconf 83' lang='lat' dir='ltr'><strong>Quem</strong></span> <span class='ocrx_word' id='word_1_273' title='bbox 290 1129 408 1157; x_wconf 85' lang='lat' dir='ltr'><strong>creditis</strong></span> <span class='ocrx_word' id='word_1_274' title='bbox 432 1139 519 1164; x_wconf 85' lang='lat' dir='ltr'><strong>super</strong></span> <span class='ocrx_word' id='word_1_275' title='bbox 540 1133 619 1157; x_wconf 81' lang='lat' dir='ltr'><strong>astra</strong></span> <span class='ocrx_word' id='word_1_276' title='bbox 655 1149 661 1156; x_wconf 95' lang='lat'><strong>.</strong></span> <span class='ocrx_word' id='word_1_277' title='bbox 703 1150 709 1156; x_wconf 93' lang='lat'><strong><em>.</em></strong></span> <span class='ocrx_word' id='word_1_278' title='bbox 773 1128 807 1157; x_wconf 87' lang='lat'><strong>10</strong></span> <span class='ocrx_word' id='word_1_279' title='bbox 864 1136 939 1170; x_wconf 64' lang='lat' dir='ltr'><strong>Regi</strong></span> <span class='ocrx_word' id='word_1_280' title='bbox 960 1135 1120 1162; x_wconf 73' lang='lat' dir='ltr'><strong>immortali</strong></span> <span class='ocrx_word' id='word_1_281' title='bbox 1141 1133 1243 1162; x_wconf 88' lang='lat' dir='ltr'><strong>laudes</strong></span> <span class='ocrx_word' id='word_1_282' title='bbox 1299 1156 1304 1161; x_wconf 94' lang='lat'>.</span> <span class='ocrx_word' id='word_1_283' title='bbox 1345 1156 1353 1163; x_wconf 90' lang='lat'><em>.</em></span> <span class='ocrx_word' id='word_1_284' title='bbox 1393 1155 1400 1162; x_wconf 89' lang='lat'>.</span> <span class='ocrx_word' id='word_1_285' title='bbox 1440 1132 1498 1162; x_wconf 89' lang='grc'><strong>269</strong></span> 
     </span>
     <span class='ocr_line' id='line_1_28' title="bbox 177 1175 1498 1220; baseline 0 -9"><span class='ocrx_word' id='word_1_286' title='bbox 177 1180 269 1211; x_wconf 65' lang='lat' dir='ltr'><strong>Quem</strong></span> <span class='ocrx_word' id='word_1_287' title='bbox 291 1181 395 1204; x_wconf 63' lang='lat' dir='ltr'><strong>cuncta</strong></span> <span class='ocrx_word' id='word_1_288' title='bbox 415 1177 536 1204; x_wconf 70' lang='lat' dir='ltr'><strong>laudant</strong></span> <span class='ocrx_word' id='word_1_289' title='bbox 560 1199 566 1204; x_wconf 94' lang='lat'>·</span> <span class='ocrx_word' id='word_1_290' title='bbox 608 1199 614 1204; x_wconf 94' lang='lat'>·</span> <span class='ocrx_word' id='word_1_291' title='bbox 656 1199 661 1204; x_wconf 92' lang='lat'><em>-</em></span> <span class='ocrx_word' id='word_1_292' title='bbox 704 1198 709 1204; x_wconf 93' lang='lat'><strong>·</strong></span> <span class='ocrx_word' id='word_1_293' title='bbox 753 1175 807 1205; x_wconf 84' lang='lat'><strong>139</strong></span> <span class='ocrx_word' id='word_1_294' title='bbox 864 1185 979 1220; x_wconf 88' lang='lat' dir='ltr'><strong>Regina</strong></span> <span class='ocrx_word' id='word_1_295' title='bbox 999 1186 1062 1219; x_wconf 84' lang='lat' dir='ltr'><strong>regi</strong></span> <span class='ocrx_word' id='word_1_296' title='bbox 1084 1183 1219 1219; x_wconf 88' lang='lat' dir='ltr'><strong>supplica</strong></span> <span class='ocrx_word' id='word_1_297' title='bbox 1249 1203 1256 1210; x_wconf 92' lang='lat'><em>.</em></span> <span class='ocrx_word' id='word_1_298' title='bbox 1298 1203 1304 1209; x_wconf 92' lang='lat'><strong><em>.</em></strong></span> <span class='ocrx_word' id='word_1_299' title='bbox 1345 1203 1352 1210; x_wconf 89' lang='lat'><strong>.</strong></span> <span class='ocrx_word' id='word_1_300' title='bbox 1394 1203 1402 1210; x_wconf 90' lang='lat'><strong>.</strong></span> <span class='ocrx_word' id='word_1_301' title='bbox 1441 1180 1498 1211; x_wconf 88' lang='grc'><strong>336</strong></span> 
     </span>
     <span class='ocr_line' id='line_1_29' title="bbox 176 1223 1500 1268; baseline -0.001 -9"><span class='ocrx_word' id='word_1_302' title='bbox 176 1227 270 1259; x_wconf 66' lang='lat' dir='ltr'><strong>Quem</strong></span> <span class='ocrx_word' id='word_1_303' title='bbox 291 1226 372 1253; x_wconf 59' lang='lat' dir='ltr'><strong>Deus</strong></span> <span class='ocrx_word' id='word_1_304' title='bbox 394 1226 530 1252; x_wconf 57' lang='lat' dir='ltr'><strong>aethffl‘lffl</strong></span> <span class='ocrx_word' id='word_1_305' title='bbox 560 1245 567 1251; x_wconf 89' lang='lat'><strong>·</strong></span> <span class='ocrx_word' id='word_1_306' title='bbox 609 1246 615 1252; x_wconf 93' lang='lat'><em>-</em></span> <span class='ocrx_word' id='word_1_307' title='bbox 657 1246 662 1252; x_wconf 95' lang='lat'>·</span> <span class='ocrx_word' id='word_1_308' title='bbox 705 1246 711 1252; x_wconf 90' lang='lat'><strong>·</strong></span> <span class='ocrx_word' id='word_1_309' title='bbox 769 1223 806 1252; x_wconf 77' lang='lat'><strong>99</strong></span> <span class='ocrx_word' id='word_1_310' title='bbox 864 1233 940 1267; x_wconf 86' lang='lat' dir='ltr'><strong>Regi</strong></span> <span class='ocrx_word' id='word_1_311' title='bbox 960 1233 1096 1268; x_wconf 84' lang='lat' dir='ltr'><strong>perennis</strong></span> <span class='ocrx_word' id='word_1_312' title='bbox 1117 1231 1230 1268; x_wconf 79' lang='lat' dir='ltr'><strong>gloriae</strong></span> <span class='ocrx_word' id='word_1_313' title='bbox 1250 1251 1256 1257; x_wconf 83' lang='grc'><em>.</em></span> <span class='ocrx_word' id='word_1_314' title='bbox 1298 1250 1304 1256; x_wconf 94' lang='grc'><strong><em>.</em></strong></span> <span class='ocrx_word' id='word_1_315' title='bbox 1346 1251 1353 1258; x_wconf 90' lang='grc'><strong>.</strong></span> <span class='ocrx_word' id='word_1_316' title='bbox 1394 1251 1401 1258; x_wconf 92' lang='grc'><strong>.</strong></span> <span class='ocrx_word' id='word_1_317' title='bbox 1443 1229 1500 1258; x_wconf 81' lang='grc'><strong>184</strong></span> 
     </span>
     <span class='ocr_line' id='line_1_30' title="bbox 178 1271 1498 1316; baseline -0.001 -9"><span class='ocrx_word' id='word_1_318' title='bbox 178 1274 270 1307; x_wconf 71' lang='lat' dir='ltr'><strong>Quem</strong></span> <span class='ocrx_word' id='word_1_319' title='bbox 292 1275 373 1300; x_wconf 69' lang='lat' dir='ltr'><strong>nasei</strong></span> <span class='ocrx_word' id='word_1_320' title='bbox 396 1273 502 1300; x_wconf 72' lang='lat' dir='ltr'><strong>mundo</strong></span> <span class='ocrx_word' id='word_1_321' title='bbox 526 1273 650 1301; x_wconf 72' lang='lat' dir='ltr'><strong>d00¹18¹¹0</strong></span> <span class='ocrx_word' id='word_1_322' title='bbox 704 1293 710 1300; x_wconf 89' lang='lat'>·</span> <span class='ocrx_word' id='word_1_323' title='bbox 769 1271 806 1300; x_wconf 78' lang='lat'><strong>48</strong></span> <span class='ocrx_word' id='word_1_324' title='bbox 865 1281 966 1314; x_wconf 81' lang='lat' dir='ltr'><strong>Regna</strong></span> <span class='ocrx_word' id='word_1_325' title='bbox 987 1282 1081 1307; x_wconf 83' lang='lat' dir='ltr'><strong>terrae</strong></span> <span class='ocrx_word' id='word_1_326' title='bbox 1101 1282 1203 1316; x_wconf 82' lang='lat' dir='ltr'><strong>gentes</strong></span> <span class='ocrx_word' id='word_1_327' title='bbox 1224 1279 1345 1315; x_wconf 83' lang='lat' dir='ltr'><strong>linguae</strong></span> <span class='ocrx_word' id='word_1_328' title='bbox 1392 1299 1399 1306; x_wconf 93' lang='lat'>.</span> <span class='ocrx_word' id='word_1_329' title='bbox 1459 1277 1498 1306; x_wconf 81' lang='grc'><strong>30</strong></span> 
     </span>
     <span class='ocr_line' id='line_1_31' title="bbox 178 1319 1494 1363; baseline 0.001 -15"><span class='ocrx_word' id='word_1_330' title='bbox 178 1322 271 1354; x_wconf 78' lang='lat' dir='ltr'><strong>Quem</strong></span> <span class='ocrx_word' id='word_1_331' title='bbox 293 1322 524 1356; x_wconf 80' lang='lat' dir='ltr'><strong>patriarcharum</strong></span> <span class='ocrx_word' id='word_1_332' title='bbox 545 1329 632 1348; x_wconf 78' lang='lat' dir='ltr'><strong>voces</strong></span> <span class='ocrx_word' id='word_1_333' title='bbox 657 1341 664 1349; x_wconf 89' lang='lat'><strong>.</strong></span> <span class='ocrx_word' id='word_1_334' title='bbox 704 1341 711 1348; x_wconf 90' lang='lat'><strong><em>.</em></strong></span> <span class='ocrx_word' id='word_1_335' title='bbox 770 1319 807 1347; x_wconf 88' lang='lat'><strong>47</strong></span> <span class='ocrx_word' id='word_1_336' title='bbox 865 1329 1032 1363; x_wconf 62' lang='lat' dir='ltr'><strong>Regnorum</strong></span> <span class='ocrx_word' id='word_1_337' title='bbox 1053 1328 1181 1355; x_wconf 73' lang='lat' dir='ltr'><strong>Domino</strong></span> <span class='ocrx_word' id='word_1_338' title='bbox 1202 1329 1265 1363; x_wconf 66' lang='lat' dir='ltr'><strong>regi</strong></span> <span class='ocrx_word' id='word_1_339' title='bbox 1294 1348 1302 1354; x_wconf 77' lang='lat'><em>,</em></span> <span class='ocrx_word' id='word_1_340' title='bbox 1342 1348 1349 1355; x_wconf 72' lang='grc'><strong>,</strong></span> <span class='ocrx_word' id='word_1_341' title='bbox 1391 1348 1397 1355; x_wconf 71' lang='grc'><strong>,</strong></span> <span class='ocrx_word' id='word_1_342' title='bbox 1437 1324 1494 1353; x_wconf 51' lang='lat'><strong>‘289</strong></span> 
     </span>
     <span class='ocr_line' id='line_1_32' title="bbox 177 1367 1496 1411; baseline 0 -9"><span class='ocrx_word' id='word_1_343' title='bbox 177 1370 272 1402; x_wconf 66' lang='lat' dir='ltr'><strong>Quem</strong></span> <span class='ocrx_word' id='word_1_344' title='bbox 292 1369 451 1403; x_wconf 61' lang='lat' dir='ltr'><strong>Pl&#39;OPhetae</strong></span> <span class='ocrx_word' id='word_1_345' title='bbox 473 1370 604 1396; x_wconf 67' lang='lat' dir='ltr'><strong>cessinel&#39;ss</strong></span> <span class='ocrx_word' id='word_1_346' title='bbox 658 1390 665 1396; x_wconf 85' lang='lat'><em>·</em></span> <span class='ocrx_word' id='word_1_347' title='bbox 705 1388 712 1394; x_wconf 85' lang='lat'><strong>·</strong></span> <span class='ocrx_word' id='word_1_348' title='bbox 754 1367 807 1396; x_wconf 77' lang='grc'><strong>117</strong></span> <span class='ocrx_word' id='word_1_349' title='bbox 864 1377 1048 1411; x_wconf 79' lang='lat' dir='ltr'><strong>Responsum</strong></span> <span class='ocrx_word' id='word_1_350' title='bbox 1069 1376 1183 1410; x_wconf 84' lang='lat' dir='ltr'><strong>accepit</strong></span> <span class='ocrx_word' id='word_1_351' title='bbox 1202 1375 1323 1403; x_wconf 78' lang='lat' dir='ltr'><strong>Simeon</strong></span> <span class='ocrx_word' id='word_1_352' title='bbox 1344 1396 1350 1402; x_wconf 96' lang='lat'>.</span> <span class='ocrx_word' id='word_1_353' title='bbox 1392 1395 1398 1402; x_wconf 95' lang='lat'>.</span> <span class='ocrx_word' id='word_1_354' title='bbox 1458 1372 1496 1402; x_wconf 82' lang='grc'><strong>86</strong></span> 
     </span>
     <span class='ocr_line' id='line_1_33' title="bbox 176 1414 1496 1457; baseline -0.001 -6"><span class='ocrx_word' id='word_1_355' title='bbox 176 1417 270 1450; x_wconf 69' lang='lat' dir='ltr'><strong>Quem</strong></span> <span class='ocrx_word' id='word_1_356' title='bbox 292 1417 433 1451; x_wconf 65' lang='lat' dir='ltr'><strong>quaeritis</strong></span> <span class='ocrx_word' id='word_1_357' title='bbox 454 1418 485 1443; x_wconf 67' lang='lat' dir='ltr'><strong>in</strong></span> <span class='ocrx_word' id='word_1_358' title='bbox 506 1424 664 1451; x_wconf 63' lang='lat' dir='ltr'>praesaepe</span> <span class='ocrx_word' id='word_1_359' title='bbox 704 1436 711 1443; x_wconf 90' lang='lat'>·</span> <span class='ocrx_word' id='word_1_360' title='bbox 789 1414 807 1443; x_wconf 75' lang='grc'>8</span> <span class='ocrx_word' id='word_1_361' title='bbox 864 1425 1036 1451; x_wconf 76' lang='lat' dir='ltr'><strong>Resurrexit</strong></span> <span class='ocrx_word' id='word_1_362' title='bbox 1056 1424 1200 1451; x_wconf 87' lang='lat' dir='ltr'><strong>Dominus</strong></span> <span class='ocrx_word' id='word_1_363' title='bbox 1219 1422 1223 1457; x_wconf 80' lang='grc' dir='ltr'>Ι</span> <span class='ocrx_word' id='word_1_364' title='bbox 1241 1424 1343 1451; x_wconf 80' lang='lat' dir='ltr'><strong>Victor</strong></span> <span class='ocrx_word' id='word_1_365' title='bbox 1391 1444 1397 1451; x_wconf 89' lang='lat'>.</span> <span class='ocrx_word' id='word_1_366' title='bbox 1458 1421 1496 1450; x_wconf 87' lang='grc'><strong>56</strong></span> 
     </span>
     <span class='ocr_line' id='line_1_34' title="bbox 177 1462 1496 1507; baseline 0.001 -10"><span class='ocrx_word' id='word_1_367' title='bbox 177 1465 270 1497; x_wconf 68' lang='lat' dir='ltr'><strong>Quem</strong></span> <span class='ocrx_word' id='word_1_368' title='bbox 293 1465 434 1500; x_wconf 56' lang='lat' dir='ltr'>quaprffls</span> <span class='ocrx_word' id='word_1_369' title='bbox 455 1465 485 1490; x_wconf 67' lang='lat'><strong>5¹¹</strong></span> <span class='ocrx_word' id='word_1_370' title='bbox 509 1464 641 1499; x_wconf 63' lang='lat' dir='ltr'><strong>SssPUl‘H‘o</strong></span> <span class='ocrx_word' id='word_1_371' title='bbox 656 1485 663 1492; x_wconf 92' lang='lat'><strong>·</strong></span> <span class='ocrx_word' id='word_1_372' title='bbox 703 1483 711 1490; x_wconf 90' lang='lat'><strong>·</strong></span> <span class='ocrx_word' id='word_1_373' title='bbox 790 1462 808 1491; x_wconf 81' lang='grc'>9</span> <span class='ocrx_word' id='word_1_374' title='bbox 865 1473 1037 1499; x_wconf 74' lang='lat' dir='ltr'><strong>Resurrexit</strong></span> <span class='ocrx_word' id='word_1_375' title='bbox 1056 1472 1140 1499; x_wconf 88' lang='lat' dir='ltr'><strong>hodie</strong></span> <span class='ocrx_word' id='word_1_376' title='bbox 1160 1469 1164 1506; x_wconf 85' lang='grc' dir='ltr'>Ι</span> <span class='ocrx_word' id='word_1_377' title='bbox 1183 1472 1239 1506; x_wconf 85' lang='lat' dir='ltr'><strong>Qui</strong></span> <span class='ocrx_word' id='word_1_378' title='bbox 1262 1472 1357 1507; x_wconf 85' lang='lat' dir='ltr'><strong>pridie</strong></span> <span class='ocrx_word' id='word_1_379' title='bbox 1391 1492 1397 1498; x_wconf 92' lang='lat'><strong>.</strong></span> <span class='ocrx_word' id='word_1_380' title='bbox 1438 1469 1496 1498; x_wconf 88' lang='grc'><strong>232</strong></span> 
     </span>
     <span class='ocr_line' id='line_1_35' title="bbox 177 1510 1496 1548; baseline 0.002 -4"><span class='ocrx_word' id='word_1_381' title='bbox 177 1512 271 1544; x_wconf 71' lang='lat' dir='ltr'><strong>Quem</strong></span> <span class='ocrx_word' id='word_1_382' title='bbox 292 1513 335 1538; x_wconf 72' lang='lat' dir='ltr'><strong>Sic</strong></span> <span class='ocrx_word' id='word_1_383' title='bbox 355 1512 435 1539; x_wconf 84' lang='lat' dir='ltr'><strong>Deus</strong></span> <span class='ocrx_word' id='word_1_384' title='bbox 456 1511 606 1538; x_wconf 68' lang='lat' dir='ltr'><strong>deCOTaVit</strong></span> <span class='ocrx_word' id='word_1_385' title='bbox 655 1532 661 1538; x_wconf 92' lang='lat'>·</span> <span class='ocrx_word' id='word_1_386' title='bbox 703 1532 708 1538; x_wconf 90' lang='lat'><strong>·</strong></span> <span class='ocrx_word' id='word_1_387' title='bbox 753 1510 804 1539; x_wconf 74' lang='lat'>131</span> <span class='ocrx_word' id='word_1_388' title='bbox 865 1520 927 1547; x_wconf 83' lang='lat' dir='ltr'><strong>Rex</strong></span> <span class='ocrx_word' id='word_1_389' title='bbox 947 1519 1095 1547; x_wconf 84' lang='lat' dir='ltr'><strong>caelorum</strong></span> <span class='ocrx_word' id='word_1_390' title='bbox 1114 1523 1145 1547; x_wconf 79' lang='lat' dir='ltr'><strong>et</strong></span> <span class='ocrx_word' id='word_1_391' title='bbox 1162 1520 1347 1547; x_wconf 81' lang='lat' dir='ltr'><strong>terrestrium</strong></span> <span class='ocrx_word' id='word_1_392' title='bbox 1391 1539 1400 1547; x_wconf 85' lang='lat'><strong>.</strong></span> <span class='ocrx_word' id='word_1_393' title='bbox 1440 1517 1496 1548; x_wconf 84' lang='grc'><strong>108</strong></span> 
     </span>
     <span class='ocr_line' id='line_1_36' title="bbox 178 1558 1493 1603; baseline 0.002 -11"><span class='ocrx_word' id='word_1_394' title='bbox 178 1559 271 1592; x_wconf 68' lang='lat' dir='ltr'><strong>Quem</strong></span> <span class='ocrx_word' id='word_1_395' title='bbox 292 1561 356 1586; x_wconf 68' lang='lat' dir='ltr'><strong>Sine</strong></span> <span class='ocrx_word' id='word_1_396' title='bbox 376 1562 467 1586; x_wconf 65' lang='lat' dir='ltr'><strong>matre</strong></span> <span class='ocrx_word' id='word_1_397' title='bbox 488 1563 570 1594; x_wconf 65' lang='lat' dir='ltr'><strong>Pfltffi&#39;</strong></span> <span class='ocrx_word' id='word_1_398' title='bbox 607 1579 614 1585; x_wconf 92' lang='lat'><em>-</em></span> <span class='ocrx_word' id='word_1_399' title='bbox 656 1580 661 1585; x_wconf 94' lang='lat'>·</span> <span class='ocrx_word' id='word_1_400' title='bbox 703 1579 709 1586; x_wconf 92' lang='lat'><strong>·</strong></span> <span class='ocrx_word' id='word_1_401' title='bbox 769 1558 807 1586; x_wconf 81' lang='lat'><strong>47</strong></span> <span class='ocrx_word' id='word_1_402' title='bbox 865 1568 927 1595; x_wconf 84' lang='lat' dir='ltr'><strong>Rex</strong></span> <span class='ocrx_word' id='word_1_403' title='bbox 949 1569 978 1594; x_wconf 91' lang='lat' dir='ltr'><strong>in</strong></span> <span class='ocrx_word' id='word_1_404' title='bbox 1000 1571 1150 1595; x_wconf 81' lang='lat' dir='ltr'><strong>aeternum</strong></span> <span class='ocrx_word' id='word_1_405' title='bbox 1173 1568 1289 1603; x_wconf 85' lang='lat' dir='ltr'><strong>suscipe</strong></span> <span class='ocrx_word' id='word_1_406' title='bbox 1343 1586 1350 1594; x_wconf 91' lang='lat'>.</span> <span class='ocrx_word' id='word_1_407' title='bbox 1391 1588 1398 1595; x_wconf 96' lang='lat'>.</span> <span class='ocrx_word' id='word_1_408' title='bbox 1439 1566 1493 1595; x_wconf 76' lang='lat'><strong>271</strong></span> 
     </span>
     <span class='ocr_line' id='line_1_37' title="bbox 178 1605 1497 1651; baseline 0.003 -11"><span class='ocrx_word' id='word_1_409' title='bbox 178 1607 271 1640; x_wconf 70' lang='lat' dir='ltr'><strong>Quem</strong></span> <span class='ocrx_word' id='word_1_410' title='bbox 291 1616 392 1635; x_wconf 69' lang='lat' dir='ltr'><strong>Verum</strong></span> <span class='ocrx_word' id='word_1_411' title='bbox 413 1608 502 1642; x_wconf 62' lang='lat' dir='ltr'><strong>genai</strong></span> <span class='ocrx_word' id='word_1_412' title='bbox 523 1610 622 1634; x_wconf 67' lang='lat' dir='ltr'><strong>natum</strong></span> <span class='ocrx_word' id='word_1_413' title='bbox 657 1628 662 1634; x_wconf 95' lang='lat'>·</span> <span class='ocrx_word' id='word_1_414' title='bbox 704 1628 710 1634; x_wconf 91' lang='lat'><em>·</em></span> <span class='ocrx_word' id='word_1_415' title='bbox 750 1605 807 1635; x_wconf 78' lang='lat'><strong>359</strong></span> <span class='ocrx_word' id='word_1_416' title='bbox 866 1616 927 1642; x_wconf 76' lang='lat' dir='ltr'><strong>Rex</strong></span> <span class='ocrx_word' id='word_1_417' title='bbox 950 1615 1087 1651; x_wconf 85' lang='lat' dir='ltr'><strong>pacificus</strong></span> <span class='ocrx_word' id='word_1_418' title='bbox 1106 1614 1110 1650; x_wconf 89' lang='grc' dir='ltr'>Ι</span> <span class='ocrx_word' id='word_1_419' title='bbox 1128 1615 1241 1644; x_wconf 86' lang='lat' dir='ltr'><strong>Unicus</strong></span> <span class='ocrx_word' id='word_1_420' title='bbox 1296 1635 1303 1642; x_wconf 90' lang='lat'><strong><em>.</em></strong></span> <span class='ocrx_word' id='word_1_421' title='bbox 1345 1636 1352 1642; x_wconf 92' lang='lat'>.</span> <span class='ocrx_word' id='word_1_422' title='bbox 1393 1636 1400 1642; x_wconf 91' lang='lat'><strong>.</strong></span> <span class='ocrx_word' id='word_1_423' title='bbox 1440 1613 1497 1644; x_wconf 79' lang='lat'><strong>240</strong></span> 
     </span>
     <span class='ocr_line' id='line_1_38' title="bbox 178 1653 1496 1699; baseline 0.001 -17"><span class='ocrx_word' id='word_1_424' title='bbox 178 1656 254 1689; x_wconf 82' lang='lat' dir='ltr'><strong>Quia</strong></span> <span class='ocrx_word' id='word_1_425' title='bbox 274 1655 444 1690; x_wconf 86' lang='lat' dir='ltr'><strong>concupivit</strong></span> <span class='ocrx_word' id='word_1_426' title='bbox 460 1654 465 1689; x_wconf 79' lang='grc'><strong>1</strong></span> <span class='ocrx_word' id='word_1_427' title='bbox 484 1655 590 1682; x_wconf 89' lang='lat' dir='ltr'><strong>Vultus</strong></span> <span class='ocrx_word' id='word_1_428' title='bbox 612 1663 662 1682; x_wconf 80' lang='lat' dir='ltr'><strong>rex</strong></span> <span class='ocrx_word' id='word_1_429' title='bbox 703 1675 709 1681; x_wconf 92' lang='lat'><em>.</em></span> <span class='ocrx_word' id='word_1_430' title='bbox 751 1653 806 1682; x_wconf 88' lang='grc'><strong>265</strong></span> <span class='ocrx_word' id='word_1_431' title='bbox 865 1664 927 1690; x_wconf 69' lang='lat' dir='ltr'><strong>Rex</strong></span> <span class='ocrx_word' id='word_1_432' title='bbox 948 1664 1018 1699; x_wconf 73' lang='lat' dir='ltr'><strong>quia</strong></span> <span class='ocrx_word' id='word_1_433' title='bbox 1038 1662 1211 1699; x_wconf 63' lang='lat' dir='ltr'><strong>magnificus</strong></span> <span class='ocrx_word' id='word_1_434' title='bbox 1245 1683 1252 1690; x_wconf 69' lang='grc'>,</span> <span class='ocrx_word' id='word_1_435' title='bbox 1293 1683 1299 1689; x_wconf 71' lang='grc'><strong>,</strong></span> <span class='ocrx_word' id='word_1_436' title='bbox 1341 1685 1348 1691; x_wconf 40' lang='grc' dir='ltr'>ι</span> <span class='ocrx_word' id='word_1_437' title='bbox 1392 1684 1400 1691; x_wconf 53' lang='grc'>,</span> <span class='ocrx_word' id='word_1_438' title='bbox 1459 1663 1496 1691; x_wconf 79' lang='grc'><strong>77</strong></span> 
     </span>
     <span class='ocr_line' id='line_1_39' title="bbox 178 1701 1496 1740; baseline 0.002 -3"><span class='ocrx_word' id='word_1_439' title='bbox 178 1704 236 1736; x_wconf 71' lang='lat' dir='ltr'><strong>QUi</strong></span> <span class='ocrx_word' id='word_1_440' title='bbox 257 1703 332 1730; x_wconf 70' lang='lat' dir='ltr'><strong>caeli</strong></span> <span class='ocrx_word' id='word_1_441' title='bbox 353 1711 409 1738; x_wconf 70' lang='lat' dir='ltr'><strong>que</strong></span> <span class='ocrx_word' id='word_1_442' title='bbox 431 1703 519 1730; x_wconf 68' lang='lat' dir='ltr'><strong>maris</strong></span> <span class='ocrx_word' id='word_1_443' title='bbox 541 1703 621 1730; x_wconf 70' lang='lat' dir='ltr'><strong>Deus</strong></span> <span class='ocrx_word' id='word_1_444' title='bbox 656 1723 663 1730; x_wconf 89' lang='lat'><strong>·</strong></span> <span class='ocrx_word' id='word_1_445' title='bbox 705 1722 711 1729; x_wconf 92' lang='lat'>·</span> <span class='ocrx_word' id='word_1_446' title='bbox 754 1701 808 1730; x_wconf 71' lang='lat'><strong>124</strong></span> <span class='ocrx_word' id='word_1_447' title='bbox 865 1712 927 1738; x_wconf 83' lang='lat' dir='ltr'><strong>Rex</strong></span> <span class='ocrx_word' id='word_1_448' title='bbox 949 1712 998 1739; x_wconf 88' lang='lat' dir='ltr'><strong>ubi</strong></span> <span class='ocrx_word' id='word_1_449' title='bbox 1019 1711 1145 1739; x_wconf 83' lang='lat' dir='ltr'><strong>Iudaeae</strong></span> <span class='ocrx_word' id='word_1_450' title='bbox 1167 1715 1211 1739; x_wconf 79' lang='lat' dir='ltr'><strong>est</strong></span> <span class='ocrx_word' id='word_1_451' title='bbox 1245 1731 1252 1738; x_wconf 89' lang='lat'>.</span> <span class='ocrx_word' id='word_1_452' title='bbox 1294 1731 1300 1738; x_wconf 94' lang='lat'>.</span> <span class='ocrx_word' id='word_1_453' title='bbox 1342 1732 1349 1739; x_wconf 91' lang='lat'><strong>.</strong></span> <span class='ocrx_word' id='word_1_454' title='bbox 1392 1733 1399 1739; x_wconf 89' lang='lat'><strong>.</strong></span> <span class='ocrx_word' id='word_1_455' title='bbox 1440 1711 1496 1740; x_wconf 82' lang='lat'><strong>346</strong></span> 
     </span>
     <span class='ocr_line' id='line_1_40' title="bbox 178 1748 808 1786; baseline 0 -9"><span class='ocrx_word' id='word_1_456' title='bbox 178 1751 237 1784; x_wconf 78' lang='lat' dir='ltr'><strong>Qui</strong></span> <span class='ocrx_word' id='word_1_457' title='bbox 258 1751 334 1778; x_wconf 82' lang='lat' dir='ltr'><strong>caeli</strong></span> <span class='ocrx_word' id='word_1_458' title='bbox 355 1753 508 1786; x_wconf 81' lang='lat' dir='ltr'><strong>terraeque</strong></span> <span class='ocrx_word' id='word_1_459' title='bbox 528 1751 610 1778; x_wconf 85' lang='lat' dir='ltr'><strong>Deus</strong></span> <span class='ocrx_word' id='word_1_460' title='bbox 657 1770 664 1777; x_wconf 89' lang='lat'><strong>.</strong></span> <span class='ocrx_word' id='word_1_461' title='bbox 705 1769 712 1776; x_wconf 90' lang='lat'>.</span> <span class='ocrx_word' id='word_1_462' title='bbox 753 1748 808 1778; x_wconf 81' lang='lat'><strong>124</strong></span> 
     </span>
    </p>

    <p class='ocr_par' dir='ltr' id='par_1_9' title="bbox 177 1794 1498 2170">
     <span class='ocr_line' id='line_1_41' title="bbox 178 1794 1496 1832; baseline 0.001 -7"><span class='ocrx_word' id='word_1_463' title='bbox 178 1799 236 1832; x_wconf 86' lang='lat' dir='ltr'><strong>Qui</strong></span> <span class='ocrx_word' id='word_1_464' title='bbox 257 1797 411 1826; x_wconf 75' lang='lat' dir='ltr'><strong>crucifixus</strong></span> <span class='ocrx_word' id='word_1_465' title='bbox 432 1806 511 1825; x_wconf 86' lang='lat' dir='ltr'><strong>eram</strong></span> <span class='ocrx_word' id='word_1_466' title='bbox 559 1817 566 1824; x_wconf 88' lang='lat'><strong>.</strong></span> <span class='ocrx_word' id='word_1_467' title='bbox 607 1819 613 1825; x_wconf 91' lang='lat'>.</span> <span class='ocrx_word' id='word_1_468' title='bbox 656 1818 662 1825; x_wconf 91' lang='lat'><strong><em>.</em></strong></span> <span class='ocrx_word' id='word_1_469' title='bbox 703 1818 710 1825; x_wconf 90' lang='lat'>.</span> <span class='ocrx_word' id='word_1_470' title='bbox 771 1797 806 1825; x_wconf 81' lang='lat'><strong>57</strong></span> <span class='ocrx_word' id='word_1_471' title='bbox 866 1794 958 1825; x_wconf 82' lang='lat' dir='ltr'><strong>Sacra</strong></span> <span class='ocrx_word' id='word_1_472' title='bbox 979 1797 1167 1825; x_wconf 86' lang='lat' dir='ltr'><strong>melodimata</strong></span> <span class='ocrx_word' id='word_1_473' title='bbox 1189 1799 1345 1827; x_wconf 89' lang='lat' dir='ltr'><strong>recinendo</strong></span> <span class='ocrx_word' id='word_1_474' title='bbox 1392 1819 1398 1826; x_wconf 87' lang='lat'><em>.</em></span> <span class='ocrx_word' id='word_1_475' title='bbox 1441 1796 1496 1826; x_wconf 81' lang='lat'>118</span> 
     </span>
     <span class='ocr_line' id='line_1_42' title="bbox 178 1843 1498 1881; baseline 0.001 -8"><span class='ocrx_word' id='word_1_476' title='bbox 178 1845 257 1879; x_wconf 82' lang='lat' dir='ltr'><strong>Quid</strong></span> <span class='ocrx_word' id='word_1_477' title='bbox 277 1849 399 1874; x_wconf 84' lang='lat' dir='ltr'><strong>naturae</strong></span> <span class='ocrx_word' id='word_1_478' title='bbox 421 1846 567 1881; x_wconf 82' lang='lat' dir='ltr'><strong>parvitas.</strong></span> <span class='ocrx_word' id='word_1_479' title='bbox 609 1866 615 1872; x_wconf 94' lang='lat'>.</span> <span class='ocrx_word' id='word_1_480' title='bbox 657 1866 663 1873; x_wconf 92' lang='lat'><em>.</em></span> <span class='ocrx_word' id='word_1_481' title='bbox 705 1865 711 1872; x_wconf 92' lang='lat'>.</span> <span class='ocrx_word' id='word_1_482' title='bbox 752 1843 806 1874; x_wconf 84' lang='lat'><strong>361</strong></span> <span class='ocrx_word' id='word_1_483' title='bbox 866 1843 956 1872; x_wconf 88' lang='lat' dir='ltr'><strong>Sacra</strong></span> <span class='ocrx_word' id='word_1_484' title='bbox 976 1846 1060 1881; x_wconf 79' lang='lat' dir='ltr'><strong>virgo</strong></span> <span class='ocrx_word' id='word_1_485' title='bbox 1082 1845 1137 1873; x_wconf 88' lang='lat' dir='ltr'><strong>Dei</strong></span> <span class='ocrx_word' id='word_1_486' title='bbox 1159 1855 1229 1874; x_wconf 84' lang='lat' dir='ltr'><strong>vera</strong></span> <span class='ocrx_word' id='word_1_487' title='bbox 1249 1846 1358 1875; x_wconf 87' lang='lat' dir='ltr'><strong>cellula</strong></span> <span class='ocrx_word' id='word_1_488' title='bbox 1392 1867 1398 1873; x_wconf 95' lang='lat'>.</span> <span class='ocrx_word' id='word_1_489' title='bbox 1440 1844 1498 1874; x_wconf 77' lang='lat'><strong>243</strong></span> 
     </span>
     <span class='ocr_line' id='line_1_43' title="bbox 177 1892 1498 1931; baseline 0.003 -11"><span class='ocrx_word' id='word_1_490' title='bbox 177 1894 237 1927; x_wconf 82' lang='lat' dir='ltr'><strong>Qui</strong></span> <span class='ocrx_word' id='word_1_491' title='bbox 256 1896 360 1921; x_wconf 85' lang='lat' dir='ltr'><strong>merito</strong></span> <span class='ocrx_word' id='word_1_492' title='bbox 381 1893 449 1921; x_wconf 80' lang='lat' dir='ltr'><strong>fidei</strong></span> <span class='ocrx_word' id='word_1_493' title='bbox 470 1897 582 1921; x_wconf 81' lang='lat' dir='ltr'><strong>mentes</strong></span> <span class='ocrx_word' id='word_1_494' title='bbox 609 1914 617 1922; x_wconf 85' lang='lat'><strong>.</strong></span> <span class='ocrx_word' id='word_1_495' title='bbox 657 1913 664 1920; x_wconf 91' lang='lat'>.</span> <span class='ocrx_word' id='word_1_496' title='bbox 705 1915 711 1921; x_wconf 92' lang='lat'><strong>.</strong></span> <span class='ocrx_word' id='word_1_497' title='bbox 754 1892 807 1921; x_wconf 83' lang='lat'><strong>155</strong></span> <span class='ocrx_word' id='word_1_498' title='bbox 866 1893 972 1921; x_wconf 78' lang='lat' dir='ltr'><strong>saecla</strong></span> <span class='ocrx_word' id='word_1_499' title='bbox 992 1894 1072 1921; x_wconf 77' lang='lat' dir='ltr'><strong>Deus</strong></span> <span class='ocrx_word' id='word_1_500' title='bbox 1093 1895 1186 1929; x_wconf 80' lang='lat' dir='ltr'><strong>gratis</strong></span> <span class='ocrx_word' id='word_1_501' title='bbox 1206 1903 1281 1931; x_wconf 84' lang='lat' dir='ltr'><strong>quos</strong></span> <span class='ocrx_word' id='word_1_502' title='bbox 1296 1915 1302 1921; x_wconf 88' lang='lat'><strong>.</strong></span> <span class='ocrx_word' id='word_1_503' title='bbox 1344 1915 1351 1922; x_wconf 90' lang='lat'><strong>.</strong></span> <span class='ocrx_word' id='word_1_504' title='bbox 1392 1915 1399 1922; x_wconf 92' lang='lat'>.</span> <span class='ocrx_word' id='word_1_505' title='bbox 1459 1893 1498 1924; x_wconf 83' lang='grc'><strong>94</strong></span> 
     </span>
     <span class='ocr_line' id='line_1_44' title="bbox 178 1939 1497 1977; baseline 0.002 -8"><span class='ocrx_word' id='word_1_506' title='bbox 178 1939 238 1974; x_wconf 76' lang='lat' dir='ltr'><strong>Qui</strong></span> <span class='ocrx_word' id='word_1_507' title='bbox 254 1943 365 1977; x_wconf 84' lang='lat' dir='ltr'><strong>pariter</strong></span> <span class='ocrx_word' id='word_1_508' title='bbox 379 1944 502 1970; x_wconf 77' lang='lat' dir='ltr'><strong>cernunt</strong></span> <span class='ocrx_word' id='word_1_509' title='bbox 512 1941 711 1969; x_wconf 82' lang='lat' dir='ltr'><strong>moderamine</strong></span> <span class='ocrx_word' id='word_1_510' title='bbox 751 1939 807 1970; x_wconf 84' lang='lat'><strong>358</strong></span> <span class='ocrx_word' id='word_1_511' title='bbox 866 1940 1033 1968; x_wconf 84' lang='lat' dir='ltr'><strong>Salutemus</strong></span> <span class='ocrx_word' id='word_1_512' title='bbox 1054 1943 1214 1969; x_wconf 89' lang='lat' dir='ltr'><strong>Dominum</strong></span> <span class='ocrx_word' id='word_1_513' title='bbox 1249 1963 1254 1969; x_wconf 95' lang='lat'>.</span> <span class='ocrx_word' id='word_1_514' title='bbox 1296 1962 1303 1969; x_wconf 92' lang='lat'><strong>.</strong></span> <span class='ocrx_word' id='word_1_515' title='bbox 1345 1963 1351 1970; x_wconf 93' lang='lat'><strong>.</strong></span> <span class='ocrx_word' id='word_1_516' title='bbox 1393 1964 1399 1971; x_wconf 93' lang='lat'><strong>.</strong></span> <span class='ocrx_word' id='word_1_517' title='bbox 1440 1941 1497 1971; x_wconf 87' lang='grc'><strong>283</strong></span> 
     </span>
     <span class='ocr_line' id='line_1_45' title="bbox 178 1987 1498 2026; baseline 0.002 -9"><span class='ocrx_word' id='word_1_518' title='bbox 178 1990 236 2024; x_wconf 81' lang='lat' dir='ltr'><strong>Qui</strong></span> <span class='ocrx_word' id='word_1_519' title='bbox 261 1990 353 2026; x_wconf 84' lang='lat' dir='ltr'><strong>patris</strong></span> <span class='ocrx_word' id='word_1_520' title='bbox 375 1999 406 2018; x_wconf 86' lang='lat' dir='ltr'><strong>es</strong></span> <span class='ocrx_word' id='word_1_521' title='bbox 426 1991 520 2017; x_wconf 80' lang='lat' dir='ltr'><strong>virtus</strong></span> <span class='ocrx_word' id='word_1_522' title='bbox 562 2010 568 2016; x_wconf 88' lang='lat'>.</span> <span class='ocrx_word' id='word_1_523' title='bbox 609 2010 616 2018; x_wconf 87' lang='lat'><strong>.</strong></span> <span class='ocrx_word' id='word_1_524' title='bbox 657 2010 664 2016; x_wconf 88' lang='lat'>.</span> <span class='ocrx_word' id='word_1_525' title='bbox 704 2010 711 2017; x_wconf 93' lang='lat'>.</span> <span class='ocrx_word' id='word_1_526' title='bbox 752 1987 808 2017; x_wconf 87' lang='grc'><strong>292</strong></span> <span class='ocrx_word' id='word_1_527' title='bbox 867 1989 1004 2017; x_wconf 81' lang='lat' dir='ltr'><strong>Salvator</strong></span> <span class='ocrx_word' id='word_1_528' title='bbox 1025 1990 1125 2017; x_wconf 90' lang='lat' dir='ltr'><strong>mundi</strong></span> <span class='ocrx_word' id='word_1_529' title='bbox 1143 1992 1146 2022; x_wconf 93' lang='grc' dir='ltr'>Ι</span> <span class='ocrx_word' id='word_1_530' title='bbox 1164 1990 1207 2018; x_wconf 89' lang='lat' dir='ltr'><strong>Te</strong></span> <span class='ocrx_word' id='word_1_531' title='bbox 1225 1991 1400 2019; x_wconf 78' lang='lat' dir='ltr'><strong>ascendente</strong></span> <span class='ocrx_word' id='word_1_532' title='bbox 1439 1989 1498 2020; x_wconf 82' lang='lat'><strong>268</strong></span> 
     </span>
     <span class='ocr_line' id='line_1_46' title="bbox 178 2035 1496 2074; baseline 0.002 -9"><span class='ocrx_word' id='word_1_533' title='bbox 178 2039 237 2072; x_wconf 81' lang='lat' dir='ltr'><strong>Qui</strong></span> <span class='ocrx_word' id='word_1_534' title='bbox 256 2039 349 2074; x_wconf 83' lang='lat' dir='ltr'><strong>patris</strong></span> <span class='ocrx_word' id='word_1_535' title='bbox 371 2039 403 2066; x_wconf 86' lang='lat' dir='ltr'><strong>in</strong></span> <span class='ocrx_word' id='word_1_536' title='bbox 422 2037 503 2065; x_wconf 88' lang='lat' dir='ltr'><strong>caelo</strong></span> <span class='ocrx_word' id='word_1_537' title='bbox 521 2039 615 2065; x_wconf 87' lang='lat' dir='ltr'><strong>nostis</strong></span> <span class='ocrx_word' id='word_1_538' title='bbox 655 2057 663 2064; x_wconf 90' lang='lat'>.</span> <span class='ocrx_word' id='word_1_539' title='bbox 704 2057 711 2063; x_wconf 93' lang='lat'>.</span> <span class='ocrx_word' id='word_1_540' title='bbox 754 2035 805 2065; x_wconf 88' lang='lat'><strong>141</strong></span> <span class='ocrx_word' id='word_1_541' title='bbox 865 2036 953 2064; x_wconf 84' lang='lat' dir='ltr'><strong>Salve</strong></span> <span class='ocrx_word' id='word_1_542' title='bbox 977 2038 1046 2065; x_wconf 87' lang='lat' dir='ltr'><strong>Iesu</strong></span> <span class='ocrx_word' id='word_1_543' title='bbox 1065 2046 1168 2066; x_wconf 87' lang='lat' dir='ltr'><strong>carens</strong></span> <span class='ocrx_word' id='word_1_544' title='bbox 1189 2038 1256 2066; x_wconf 82' lang='lat' dir='ltr'><strong>labe</strong></span> <span class='ocrx_word' id='word_1_545' title='bbox 1295 2058 1302 2065; x_wconf 85' lang='lat'><em>.</em></span> <span class='ocrx_word' id='word_1_546' title='bbox 1345 2060 1351 2066; x_wconf 88' lang='lat'>.</span> <span class='ocrx_word' id='word_1_547' title='bbox 1393 2059 1400 2066; x_wconf 85' lang='lat'><strong>.</strong></span> <span class='ocrx_word' id='word_1_548' title='bbox 1439 2037 1496 2068; x_wconf 84' lang='lat'><strong>389</strong></span> 
     </span>
     <span class='ocr_line' id='line_1_47' title="bbox 179 2083 1497 2122; baseline 0.003 -9"><span class='ocrx_word' id='word_1_549' title='bbox 179 2087 236 2121; x_wconf 86' lang='lat' dir='ltr'><strong>Qui</strong></span> <span class='ocrx_word' id='word_1_550' title='bbox 261 2086 372 2122; x_wconf 84' lang='lat' dir='ltr'><strong>placuit</strong></span> <span class='ocrx_word' id='word_1_551' title='bbox 391 2086 518 2114; x_wconf 89' lang='lat' dir='ltr'><strong>Domino</strong></span> <span class='ocrx_word' id='word_1_552' title='bbox 540 2094 662 2122; x_wconf 81' lang='lat' dir='ltr'><strong>magnus</strong></span> <span class='ocrx_word' id='word_1_553' title='bbox 705 2105 712 2112; x_wconf 89' lang='lat'><strong>.</strong></span> <span class='ocrx_word' id='word_1_554' title='bbox 755 2083 808 2113; x_wconf 84' lang='lat'><strong>134</strong></span> <span class='ocrx_word' id='word_1_555' title='bbox 866 2085 954 2112; x_wconf 83' lang='lat' dir='ltr'><strong>Salve</strong></span> <span class='ocrx_word' id='word_1_556' title='bbox 976 2089 1068 2113; x_wconf 80' lang='lat' dir='ltr'><strong>mater</strong></span> <span class='ocrx_word' id='word_1_557' title='bbox 1087 2086 1209 2114; x_wconf 84' lang='lat' dir='ltr'><strong>formosi</strong></span> <span class='ocrx_word' id='word_1_558' title='bbox 1248 2107 1255 2113; x_wconf 89' lang='lat'><strong>.</strong></span> <span class='ocrx_word' id='word_1_559' title='bbox 1297 2106 1304 2114; x_wconf 82' lang='lat'><em>.</em></span> <span class='ocrx_word' id='word_1_560' title='bbox 1345 2108 1352 2115; x_wconf 90' lang='lat'><strong>.</strong></span> <span class='ocrx_word' id='word_1_561' title='bbox 1393 2108 1400 2115; x_wconf 86' lang='lat'><em>.</em></span> <span class='ocrx_word' id='word_1_562' title='bbox 1440 2086 1497 2117; x_wconf 88' lang='grc'><strong>295</strong></span> 
     </span>
     <span class='ocr_line' id='line_1_48' title="bbox 179 2131 1497 2170; baseline 0.001 -8"><span class='ocrx_word' id='word_1_563' title='bbox 179 2135 238 2168; x_wconf 84' lang='lat' dir='ltr'><strong>Qui</strong></span> <span class='ocrx_word' id='word_1_564' title='bbox 258 2136 369 2170; x_wconf 81' lang='lat' dir='ltr'><strong>primus</strong></span> <span class='ocrx_word' id='word_1_565' title='bbox 390 2136 496 2162; x_wconf 83' lang='lat' dir='ltr'><strong>meruit</strong></span> <span class='ocrx_word' id='word_1_566' title='bbox 514 2152 712 2162; x_wconf 92' lang='grc'><strong>.....</strong></span> <span class='ocrx_word' id='word_1_567' title='bbox 753 2131 808 2161; x_wconf 82' lang='grc'><strong>149</strong></span> <span class='ocrx_word' id='word_1_568' title='bbox 867 2133 955 2162; x_wconf 83' lang='lat' dir='ltr'><strong>Salve</strong></span> <span class='ocrx_word' id='word_1_569' title='bbox 979 2137 1079 2170; x_wconf 83' lang='lat' dir='ltr'><strong>pastor</strong></span> <span class='ocrx_word' id='word_1_570' title='bbox 1099 2136 1304 2164; x_wconf 82' lang='lat' dir='ltr'><strong>sanctissime.</strong></span> <span class='ocrx_word' id='word_1_571' title='bbox 1345 2156 1352 2163; x_wconf 92' lang='lat'><em>.</em></span> <span class='ocrx_word' id='word_1_572' title='bbox 1393 2155 1400 2163; x_wconf 95' lang='lat'>.</span> <span class='ocrx_word' id='word_1_573' title='bbox 1440 2134 1497 2166; x_wconf 88' lang='lat'><strong>340</strong></span> 
     </span>
    </p>
   </div>
   <div class='ocr_carea' id='block_1_9' title="bbox 178 2180 1498 2412">
    <p class='ocr_par' dir='ltr' id='par_1_10' title="bbox 178 2180 1498 2412">
     <span class='ocr_line' id='line_1_49' title="bbox 178 2180 1496 2221; baseline 0.002 -11"><span class='ocrx_word' id='word_1_574' title='bbox 178 2183 236 2216; x_wconf 84' lang='lat' dir='ltr'><strong>Qui</strong></span> <span class='ocrx_word' id='word_1_575' title='bbox 257 2184 338 2218; x_wconf 85' lang='lat' dir='ltr'><strong>prius</strong></span> <span class='ocrx_word' id='word_1_576' title='bbox 358 2183 532 2217; x_wconf 85' lang='lat' dir='ltr'><strong>fluctivagas</strong></span> <span class='ocrx_word' id='word_1_577' title='bbox 560 2202 566 2208; x_wconf 93' lang='lat'><strong><em>.</em></strong></span> <span class='ocrx_word' id='word_1_578' title='bbox 607 2204 614 2210; x_wconf 91' lang='lat'>.</span> <span class='ocrx_word' id='word_1_579' title='bbox 655 2202 662 2209; x_wconf 92' lang='lat'>.</span> <span class='ocrx_word' id='word_1_580' title='bbox 705 2202 711 2208; x_wconf 94' lang='lat'>.</span> <span class='ocrx_word' id='word_1_581' title='bbox 753 2180 808 2210; x_wconf 84' lang='lat'><strong>245</strong></span> <span class='ocrx_word' id='word_1_582' title='bbox 866 2182 954 2210; x_wconf 83' lang='lat' dir='ltr'><strong>Salve</strong></span> <span class='ocrx_word' id='word_1_583' title='bbox 979 2186 1081 2210; x_wconf 83' lang='lat' dir='ltr'><strong>sancta</strong></span> <span class='ocrx_word' id='word_1_584' title='bbox 1102 2183 1158 2211; x_wconf 75' lang='lat' dir='ltr'><strong>Dei</strong></span> <span class='ocrx_word' id='word_1_585' title='bbox 1179 2185 1313 2220; x_wconf 83' lang='lat' dir='ltr'><strong>genetrix</strong></span> <span class='ocrx_word' id='word_1_586' title='bbox 1332 2193 1400 2221; x_wconf 85' lang='lat' dir='ltr'><strong>spes</strong></span> <span class='ocrx_word' id='word_1_587' title='bbox 1441 2183 1496 2214; x_wconf 83' lang='grc'><strong>295</strong></span> 
     </span>
     <span class='ocr_line' id='line_1_50' title="bbox 179 2228 1498 2265; baseline 0.002 -7"><span class='ocrx_word' id='word_1_588' title='bbox 179 2231 253 2265; x_wconf 82' lang='lat' dir='ltr'><strong>Quis</strong></span> <span class='ocrx_word' id='word_1_589' title='bbox 273 2231 329 2258; x_wconf 88' lang='lat' dir='ltr'><strong>tibi</strong></span> <span class='ocrx_word' id='word_1_590' title='bbox 349 2230 465 2258; x_wconf 85' lang='lat' dir='ltr'><strong>Christe</strong></span> <span class='ocrx_word' id='word_1_591' title='bbox 485 2232 605 2258; x_wconf 84' lang='lat' dir='ltr'><strong>meritas</strong></span> <span class='ocrx_word' id='word_1_592' title='bbox 655 2250 662 2257; x_wconf 91' lang='lat'><em>.</em></span> <span class='ocrx_word' id='word_1_593' title='bbox 703 2249 710 2256; x_wconf 92' lang='lat'>.</span> <span class='ocrx_word' id='word_1_594' title='bbox 750 2228 807 2257; x_wconf 88' lang='grc'><strong>220</strong></span> <span class='ocrx_word' id='word_1_595' title='bbox 867 2229 955 2257; x_wconf 75' lang='lat' dir='ltr'><strong>Salve</strong></span> <span class='ocrx_word' id='word_1_596' title='bbox 984 2231 1070 2258; x_wconf 86' lang='lat' dir='ltr'><strong>stella</strong></span> <span class='ocrx_word' id='word_1_597' title='bbox 1091 2240 1229 2259; x_wconf 82' lang='lat' dir='ltr'><strong>serenans</strong></span> <span class='ocrx_word' id='word_1_598' title='bbox 1251 2233 1400 2260; x_wconf 86' lang='lat' dir='ltr'><strong>saeculum</strong></span> <span class='ocrx_word' id='word_1_599' title='bbox 1440 2231 1498 2263; x_wconf 84' lang='lat'><strong>334</strong></span> 
     </span>
     <span class='ocr_line' id='line_1_51' title="bbox 179 2275 1498 2316; baseline 0.002 -10"><span class='ocrx_word' id='word_1_600' title='bbox 179 2279 237 2313; x_wconf 82' lang='lat' dir='ltr'><strong>Qui</strong></span> <span class='ocrx_word' id='word_1_601' title='bbox 258 2281 286 2306; x_wconf 86' lang='lat' dir='ltr'><strong>te</strong></span> <span class='ocrx_word' id='word_1_602' title='bbox 307 2280 471 2315; x_wconf 85' lang='lat' dir='ltr'><strong>praecurrit</strong></span> <span class='ocrx_word' id='word_1_603' title='bbox 490 2278 558 2306; x_wconf 85' lang='lat' dir='ltr'><strong>Iesu</strong></span> <span class='ocrx_word' id='word_1_604' title='bbox 609 2299 615 2305; x_wconf 91' lang='lat'><em>.</em></span> <span class='ocrx_word' id='word_1_605' title='bbox 657 2297 664 2304; x_wconf 94' lang='lat'>.</span> <span class='ocrx_word' id='word_1_606' title='bbox 704 2297 711 2304; x_wconf 87' lang='lat'>.</span> <span class='ocrx_word' id='word_1_607' title='bbox 729 2278 732 2282; x_wconf 86' lang='lat'>&#39;</span> <span class='ocrx_word' id='word_1_608' title='bbox 753 2275 808 2305; x_wconf 80' lang='lat'><strong>119</strong></span> <span class='ocrx_word' id='word_1_609' title='bbox 865 2278 975 2305; x_wconf 79' lang='lat' dir='ltr'><strong>Sancta</strong></span> <span class='ocrx_word' id='word_1_610' title='bbox 994 2279 1052 2306; x_wconf 87' lang='lat' dir='ltr'><strong>Dei</strong></span> <span class='ocrx_word' id='word_1_611' title='bbox 1073 2281 1206 2316; x_wconf 87' lang='lat' dir='ltr'><strong>genetrix</strong></span> <span class='ocrx_word' id='word_1_612' title='bbox 1226 2279 1314 2307; x_wconf 86' lang='lat' dir='ltr'><strong>hodie</strong></span> <span class='ocrx_word' id='word_1_613' title='bbox 1345 2302 1350 2307; x_wconf 94' lang='lat'>.</span> <span class='ocrx_word' id='word_1_614' title='bbox 1393 2301 1400 2308; x_wconf 93' lang='lat'><strong>.</strong></span> <span class='ocrx_word' id='word_1_615' title='bbox 1460 2279 1498 2311; x_wconf 84' lang='lat'><strong>80</strong></span> 
     </span>
     <span class='ocr_line' id='line_1_52' title="bbox 178 2323 1498 2362; baseline 0.003 -7"><span class='ocrx_word' id='word_1_616' title='bbox 178 2328 243 2362; x_wconf 85' lang='lat' dir='ltr'><strong>Quo</strong></span> <span class='ocrx_word' id='word_1_617' title='bbox 258 2330 400 2355; x_wconf 86' lang='lat' dir='ltr'><strong>concentu</strong></span> <span class='ocrx_word' id='word_1_618' title='bbox 417 2325 421 2361; x_wconf 92' lang='grc' dir='ltr'>Ι</span> <span class='ocrx_word' id='word_1_619' title='bbox 441 2326 556 2355; x_wconf 86' lang='lat' dir='ltr'><strong>Celebri</strong></span> <span class='ocrx_word' id='word_1_620' title='bbox 571 2328 599 2354; x_wconf 87' lang='lat' dir='ltr'><strong>te</strong></span> <span class='ocrx_word' id='word_1_621' title='bbox 616 2327 711 2354; x_wconf 90' lang='lat' dir='ltr'><strong>Maria</strong></span> <span class='ocrx_word' id='word_1_622' title='bbox 750 2323 807 2354; x_wconf 88' lang='grc'><strong>293</strong></span> <span class='ocrx_word' id='word_1_623' title='bbox 866 2326 972 2354; x_wconf 86' lang='lat' dir='ltr'><strong>Sancte</strong></span> <span class='ocrx_word' id='word_1_624' title='bbox 993 2326 1140 2355; x_wconf 87' lang='lat' dir='ltr'><strong>Iohannes</strong></span> <span class='ocrx_word' id='word_1_625' title='bbox 1159 2326 1162 2362; x_wconf 97' lang='grc' dir='ltr'>Ι</span> <span class='ocrx_word' id='word_1_626' title='bbox 1180 2328 1360 2356; x_wconf 81' lang='lat' dir='ltr'><strong>Praecursor</strong></span> <span class='ocrx_word' id='word_1_627' title='bbox 1394 2353 1399 2358; x_wconf 93' lang='lat'>.</span> <span class='ocrx_word' id='word_1_628' title='bbox 1441 2328 1498 2359; x_wconf 86' lang='grc'><strong>269</strong></span> 
     </span>
     <span class='ocr_line' id='line_1_53' title="bbox 179 2371 1497 2412; baseline 0.003 -9"><span class='ocrx_word' id='word_1_629' title='bbox 179 2375 265 2409; x_wconf 93' lang='lat' dir='ltr'><strong>Quod</strong></span> <span class='ocrx_word' id='word_1_630' title='bbox 284 2375 407 2404; x_wconf 88' lang='lat' dir='ltr'><strong>Domini</strong></span> <span class='ocrx_word' id='word_1_631' title='bbox 428 2383 513 2402; x_wconf 82' lang='lat' dir='ltr'><strong>carus</strong></span> <span class='ocrx_word' id='word_1_632' title='bbox 534 2376 660 2402; x_wconf 87' lang='lat' dir='ltr'><strong>meruit.</strong></span> <span class='ocrx_word' id='word_1_633' title='bbox 701 2395 708 2402; x_wconf 96' lang='lat'>.</span> <span class='ocrx_word' id='word_1_634' title='bbox 750 2371 807 2402; x_wconf 89' lang='grc'><strong>299</strong></span> <span class='ocrx_word' id='word_1_635' title='bbox 865 2373 971 2402; x_wconf 84' lang='lat' dir='ltr'><strong>Sancte</strong></span> <span class='ocrx_word' id='word_1_636' title='bbox 990 2376 1043 2402; x_wconf 84' lang='lat' dir='ltr'><strong>Ivo</strong></span> <span class='ocrx_word' id='word_1_637' title='bbox 1065 2376 1133 2403; x_wconf 90' lang='lat' dir='ltr'><strong>dum</strong></span> <span class='ocrx_word' id='word_1_638' title='bbox 1154 2376 1310 2412; x_wconf 86' lang='lat' dir='ltr'><strong>pandimus</strong></span> <span class='ocrx_word' id='word_1_639' title='bbox 1344 2399 1351 2406; x_wconf 92' lang='lat'>.</span> <span class='ocrx_word' id='word_1_640' title='bbox 1392 2397 1400 2405; x_wconf 88' lang='lat'><strong>.</strong></span> <span class='ocrx_word' id='word_1_641' title='bbox 1439 2376 1497 2407; x_wconf 86' lang='lat'><strong>339</strong></span> 
     </span>
    </p>
   </div>
  </div>
 </body>
</html>
