1653 2689
6 72 220 99 WW
681 109 725 115 —
774 89 845 126 383
894 109 941 115 -

470 249 566 282 7812.
598 251 708 290 Super
727 251 873 290 „Libera
896 258 948 282 me
969 251 1147 281 Domine“.

417 349 449 381 1.
473 348 566 381 Dum
591 349 711 382 venerit
734 347 826 394 filius
849 349 993 382 hominis

474 397 628 430 [udicare
651 396 815 430 saeculum
837 406 899 437 per
924 397 1044 439 ignem,

185 461 221 494 2.
247 460 343 493 Dicet
366 461 460 494 iustis
877 464 910 497 3.
937 463 1031 496 Dicet
1054 463 1161 502 impiis

292 509 335 541 ad
362 509 528 542 dexteram
554 510 687 550 positis:
983 511 1025 544 ad
1050 511 1173 543 laevam
1199 510 1330 551 positis:

251 557 397 599 „Venite,
425 557 596 599 benedicti,
939 559 1020 600 „Ite‚
1046 557 1218 595 maledicti,

247 603 348 636 Vobis
374 603 453 635 dare
936 607 988 638 Ad
1014 605 1183 644 infernum⁷

293 659 425 690 regnum
452 651 630 691 disposui“.
983 663 1142 694 nunquam
1169 651 1337 687 redituri“.

244 699 271 730 Ο
297 697 376 730 felix
402 708 474 738 vox,
936 703 972 743 O,
999 702 1080 742 proh
1108 701 1208 741 dolor,

295 745 373 778 felix
400 747 581 786 promissio,
983 754 1101 789 quanta
1127 748 1268 786 tristitia,

244 793 338 826 Felix
364 795 468 835 dator,
935 797 1077 836 Quantus
1103 797 1217 833 luctus,

293 841 369 874 felix
397 848 428 874 et
454 842 559 875 datio!
982 848 1100 884 quanta
1123 843 1267 876 miseria!

417 912 448 945 4.
476 910 519 941 In
546 909 596 942 die
621 909 679 942 illa
706 910 885 950 tremenda,

476 955 609 997 quando
635 957 718 989 caeli
744 959 891 990 movendi
916 961 994 990 sunt
1019 961 1047 989 et
1072 960 1169 989 terra.

228 1061 312 1088 Miss.
345 1070 397 1088 ms.
426 1061 538 1088 Viridis
567 1061 668 1089 Silvae
701 1064 771 1089 anni
800 1060 882 1088 1466.
931 1061 999 1088 Cori.
1028 1061 1152 1089 Fauian.
1180 1059 1225 1088 25.
1253 1059 1278 1088 2.
1307 1059 1353 1088 30.
1379 1057 1469 1091 (Bias.

149 1099 258 1127 memb.
281 1098 336 1128 591.
351 1100 386 1126 A.
406 1114 434 1117 --
452 1099 535 1127 Pros.
556 1108 609 1127 ms,
625 1100 818 1136 Sangallense
832 1100 996 1130 (lirandern)
1016 1101 1084 1127 anni
1103 1098 1183 1127 1507.
1215 1099 1284 1126 Cod.
1301 1099 1469 1134 Sangallen.

145 1135 214 1165 546.
235 1138 269 1165 Β.
292 1151 329 1156 -·
352 1136 378 1170 1,
402 1137 414 1164 1
437 1137 510 1165 Cum
531 1140 646 1165 venerit
667 1139 700 1165 A.
722 1153 758 1156 —
780 1136 798 1164 2
819 1138 876 1165 und
898 1136 916 1164 3
938 1138 1104 1173 umgestellt
1122 1139 1153 1165 B.
1168 1152 1205 1156 —
1220 1135 1244 1168 2,
1268 1136 1287 1163 4
1307 1137 1376 1163 dare
1399 1136 1471 1163 fehlt

148 1176 185 1202 A.
208 1191 243 1196 —
266 1173 293 1208 2,
316 1174 333 1202 7
353 1176 487 1211 dignatio
506 1175 554 1208 (st.
575 1177 744 1212 promissio)
764 1177 796 1204 B.
817 1190 852 1195 -
874 1175 900 1208 2,
922 1174 940 1203 8
960 1176 1046 1203 datus
1067 1177 1100 1203 B.
1125 1190 1158 1194 —
1178 1174 1204 1207 2,
1220 1174 1237 1201 9
1258 1175 1327 1202 felix
1349 1175 1468 1202 donatio

147 1214 185 1242 B.
207 1228 244 1233 —
265 1212 292 1246 3,
318 1213 330 1242 1
353 1215 473 1242 iniustis
493 1213 539 1248 (st.
562 1214 673 1250 impiis)
693 1215 725 1242 B.
748 1229 783 1234 -
804 1212 830 1247 3,
853 1213 869 1241 6
891 1214 1024 1247 Quantus
1045 1214 1090 1246 (st.
1113 1215 1137 1241 O
1159 1213 1242 1249 proh)
1261 1214 1294 1240 B.

224 1253 260 1280 In
276 1253 299 1279 A
320 1253 391 1288 geht
411 1252 486 1280 noch
508 1261 626 1285 voraus,
648 1253 710 1280 sich
732 1253 923 1280 unmittelbar
943 1262 980 1280 an
1001 1253 1057 1280 den
1071 1253 1185 1288 Tropus
1203 1251 1310 1287 „Audi
1335 1250 1467 1278 tenus‘·'

143 1289 208 1318 {Nn
231 1288 298 1324 779)
321 1289 562 1321 anschliessend):

262 1345 345 1375 Dum
367 1346 482 1375 veneris
505 1346 640 1376 iudicare
661 1346 814 1375 saeculnm
834 1355 891 1383 per
913 1345 1019 1383 iynem,

265 1387 377 1414 Aurum
399 1391 429 1413 et
449 1390 602 1422 argentum
624 1395 683 1413 non
704 1386 844 1414 liberabit
864 1395 917 1413 nos
941 1387 977 1412 ab
1000 1387 1066 1421 igne
1088 1385 1231 1420 terribili;

264 1425 368 1452 Vestes
390 1429 419 1451 et
439 1425 564 1452 deliciae
585 1426 615 1451 in
637 1425 910 1452 condemnationem
932 1425 971 1452 ibi
994 1429 1087 1456 erunt,

265 1464 331 1491 Non
355 1463 494 1491 liberabit
514 1463 606 1490 frater
625 1464 777 1499 proprium
799 1463 926 1495 fratrem,
948 1471 1000 1489 nec
1023 1467 1105 1498 pater
1126 1462 1217 1489 filium
1240 1470 1333 1491 suum,

264 1502 321 1529 Sed
344 1504 470 1538 quisque
491 1501 583 1529 stabit
603 1503 634 1529 in
656 1502 757 1528 ordine
779 1510 840 1535 suo,
862 1504 922 1528 tarn
943 1502 975 1527 in
995 1503 1058 1528 vita
1080 1509 1166 1536 quam
1188 1502 1218 1527 in
1239 1500 1384 1527 incendio.

469 1663 565 1694 7811».
598 1663 707 1702 Super
727 1663 874 1701 „Libera
894 1671 945 1692 me
967 1662 1146 1693 nomine“.

163 1762 194 1794 1.
222 1761 357 1801 Quando
381 1761 481 1800 Deus,
854 1763 886 1795 2.
913 1762 991 1794 Post
1015 1762 1095 1793 haec
1121 1761 1206 1793 dicet

270 1807 355 1841 filius
380 1809 525 1850 virginis,
961 1810 1004 1842 ad
1029 1811 1154 1841 laevam
1184 1809 1315 1849 positis:

222 1857 373 1890 Iudicate
914 1858 1030 1890 Nescio
1061 1867 1127 1897 vos,

270 1905 432 1937 saeculum
460 1906 592 1948 venerit,
963 1906 1100 1938 cultores
1128 1905 1282 1944 criminis,

222 1953 319 1986 Dicet
344 1953 436 1985 iustis
915 1955 978 1986 Vos
1006 1954 1132 1995 decepit

271 2002 314 2034 ad
341 2001 490 2034 dextram
517 2000 647 2040 positis:
961 2002 1063 2043 gloria
1087 2002 1227 2041 saeculi3

221 2050 390 2091 Accedite‚
912 2050 1106 2084 Descenslite

272 2098 383 2131 dilecti
408 2096 476 2138 filii,
961 2100 1001 2131 ad
1029 2100 1091 2131 ima
1119 2098 1262 2130 baratlni

221 2147 324 2181 Vobis
351 2146 428 2178 dare
915 2147 992 2179 Cum
1019 2147 1161 2179 Zabulon

272 2204 405 2236 reguum
432 2193 587 2233 disposui.
962 2200 992 2227 et
1019 2195 1085 2228 suis
1111 2194 1277 2227 ministris.

221 2244 248 2278 Ο
276 2242 354 2276 felix
382 2252 455 2284 vox,
914 2243 939 2276 O
965 2244 1046 2284 proh
1075 2243 1176 2283 dolor,

273 2291 351 2325 felix
381 2290 563 2332 promissio,
963 2294 1080 2332 quanta
1108 2291 1251 2327 tristitia,

223 2341 318 2374 Felix
346 2340 450 2379 dator,
915 2341 1056 2380 Quantus
1082 2334 1198 2378 luctus,

271 2395 303 2421 ct
331 2388 410 2421 felix
437 2386 543 2420 datio!
963 2389 1088 2428 Quanta
1113 2388 1272 2429 suspiria'!
