1653 2689
762 139 1018 175 —318—

547 272 615 304 627.
647 272 824 304 Dominica
844 272 905 303 111.
929 271 1227 314 Quadragesimae.

235 357 295 390 la.
333 357 487 396 Ecclesia,
516 356 664 396 Domine,
921 357 982 391 lb.
1016 356 1056 388 Et
1083 357 1150 387 eius
1177 364 1288 396 preces
1313 355 1376 387 tuis

330 405 505 445 deprecans
530 406 655 445 rogitat,
1015 408 1109 444 aptae
1135 404 1199 435 sint
1224 403 1335 446 ocutis,

234 472 294 503 2a.
329 472 412 510 Quas
440 480 509 502 cum
537 472 649 504 devote
918 472 980 504 2b.
1010 471 1119 503 Mente
1145 475 1177 502 et
1203 470 1309 503 cordis

330 520 451 552 tibimet
479 519 573 550 hodie
1016 519 1222 550 meditatione

329 569 498 607 supplicat.
1015 567 1170 606 deposcit,

236 634 294 665 3a.
329 634 371 666 Ut
398 635 467 673 ipsa
923 634 985 669 3b,
1019 634 1089 666 Una
1115 642 1183 665 cum

330 683 474 712 laureata
500 681 632 720 hymnos
658 681 716 712 tibi
1017 681 1161 713 coetibus
1186 680 1370 722 angelorum
1396 681 1426 712 in

331 730 466 760 redden¹
494 729 597 761 valeat
1017 729 1207 760 caelestibus
1231 737 1364 767 semper.

312 819 398 854 Trop.
430 828 482 844 rm.
513 818 748 845 Enumeramense
780 820 847 845 anni
883 815 1040 845 1024—36.
1088 818 1160 846 Clm.
1188 819 1340 845 Monacen.
1374 816 1480 845 14322.
1510 833 1548 838 —

238 855 293 886 la,
326 856 335 882 l
368 857 492 894 meine
515 857 588 882 lesu.
611 872 647 876 —
668 855 724 886 2a,
753 854 770 882 2
799 857 884 884 hodie
911 857 990 884 fehlt.
1013 870 1049 874 ——
1071 856 1210 883 Initialen
1237 863 1333 890 geuau
1360 858 1414 884 wie
1440 858 1471 883 in
1499 856 1550 884 der

238 895 290 920 Hs.
318 908 353 912 —
383 895 579 922 Eheu-schrift:
611 893 827 929 „Sem·per“.
850 910 885 914 —
912 895 972 922 Der
999 895 1073 920 Text
1099 894 1149 920 des
1177 892 1203 921 2.
1230 895 1339 921 Versus
1367 903 1432 921 zum
1461 895 1550 922 Offer⁶

237 934 342 959 tarium
365 933 470 960 latitet:
499 933 544 959 Et
566 937 675 960 erunt
696 936 734 960 ut
754 933 1016 968 complaceant
1037 932 1192 968 eloquia
1213 934 1292 959 oris
1314 933 1383 959 mei
1405 934 1443 959 in
1463 941 1550 960 con-

237 975 371 1005 spectu
399 976 460 998 tuo
489 978 658 1006 sem-per.

473 1092 542 1122 (52⁸.
574 1092 724 1123 Sabbato
746 1092 781 1121 in
802 1092 911 1122 Hebd.
933 1093 994 1123 111.
1018 1091 1314 1133 Quadragesimae.

757 1177 785 1208 1.
813 1176 984 1208 Iniustitia

241 1244 300 1274 2a.
336 1243 444 1281 Longe
470 1242 509 1272 sit
536 1251 554 1273 a
579 1246 684 1279 terrag
928 1242 989 1275 2b.
1022 1242 1081 1280 Qui
1107 1243 1244 1273 oninium
1271 1242 1337 1273 vita

335 1290 452 1330 largire
480 1289 621 1328 dignare,
649 1299 725 1320 vera
1021 1298 1054 1320 es
1080 1293 1112 1320 et
1137 1290 1222 1321 salus
1249 1290 1455 1329 sempiterna,

241 1357 300 1388 321.
335 1356 515 1395 Disponens
541 1355 656 1390 omnia.
926 1356 989 1389 ab.
1019 1355 1140 1396 Infima,
1169 1356 1299 1397 caelica,

333 1413 460 1444 supera,
487 1403 600 1437 media,
1021 1407 1137 1443 terrea,
1164 1405 1270 1436 omnia

241 1472 300 1502 4a.
337 1470 518 1501 Novissima
926 1470 988 1503 4b.
1020 1470 1153 1509 Semper
1177 1471 1240 1512 pie,

336 1523 367 1548 et
396 1517 583 1557 aequissima
1020 1526 1145 1557 semper
1171 1518 1309 1559 placide,

758 1567 788 1598 5.
815 1565 967 1598 Domine.

316 1652 403 1686 Trop.
433 1659 484 1677 ms.
514 1651 765 1677 Heidenhemense
794 1659 866 1677 saec.
892 1650 934 1677 ll.
975 1650 1045 1678 Cod.
1067 1650 1209 1678 Oxonien.
1232 1651 1311 1680 Seld.
1341 1661 1429 1688 supra
1450 1652 1496 1680 27.
1518 1667 1555 1672 -ν

241 1687 295 1720 ΞΒ,
317 1688 330 1716 1
353 1690 409 1722 Qui
432 1698 471 1715 ea.
495 1703 526 1706 -
551 1687 601 1720 2b,
622 1687 640 1715 2
658 1698 687 1715 es
703 1688 782 1716 fehlt*
799 1703 834 1707 —
848 1688 902 1718 412.
928 1689 937 1715 l
957 1688 1013 1715 und
1029 1687 1046 1715 2
1061 1690 1108 1724 pie
1123 1690 1182 1716 und
1197 1690 1312 1725 placide
1327 1691 1504 1725 umgesteut.
1519 1705 1556 1711 -

241 1728 302 1754 Der
322 1729 460 1762 tropierte
483 1725 507 1753 2.
523 1727 631 1753 Versus
653 1727 759 1753 lautet:
784 1727 972 1761 „Cognovi
997 1727 1170 1759 Domine,
1192 1730 1280 1763 quia
1301 1730 1480 1763 aequitas
1502 1731 1556 1757 iu-

241 1766 343 1792 dicia
365 1769 442 1792 tua:
473 1768 507 1791 et
529 1767 564 1790 in
585 1766 752 1791 veritate
773 1767 836 1791 tua
858 1765 1076 1792 humiliasti
1098 1774 1165 1798 me,
1187 1771 1226 1793 ut
1247 1775 1318 1793 non
1341 1767 1558 1796 dominetur

243 1805 362 1830 omnis
391 1802 611 1829 iniustitia.
641 1802 823 1829 D‹;›mine‘·.
852 1818 888 1821 —
916 1803 1136 1839 Entsprechend
1165 1805 1228 1832 dem
1258 1805 1442 1839 „iniustitia“
1472 1807 1556 1834 Reim

242 1843 295 1868 auf
312 1848 347 1872 a,
375 1842 433 1868 und
454 1842 483 1867 in
504 1840 547 1867 4b
570 1843 621 1868 auf
639 1847 672 1869 e,
701 1841 911 1875 entsprechend
933 1842 997 1869 dem
1022 1841 1195 1875 „Domine“.
1217 1858 1253 1861 —
1275 1843 1335 1870 Vor
1355 1844 1421 1870 dem
1441 1845 1556 1881 Tropus

243 1881 332 1906 ste-ht:
357 1878 497 1914 „Verba“.

481 2001 549 2031 629.
581 2001 730 2032 Sabbato
752 2001 787 2030 in
808 2002 914 2032 lle-bd.
938 2003 998 2032 ΠΙ.
1021 2001 1318 2043 Quadragesilnae.

762 2087 790 2117 1.
816 2085 998 2121 Iniustitia,

245 2155 304 2186 22.
340 2153 512 2185 Gehennae
538 2152 651 2193 vicina,
929 2153 989 2186 ab.
1024 2153 1096 2184 Tibi
1124 2153 1311 2186 famulantia

341 2210 420 2240 quae
447 2199 586 2232 fidelium
614 2204 745 2239 pectora
1025 2201 1155 2232 deducit
1180 2203 1221 2234 ad
1247 2200 1386 2236 inferna.

248 2269 308 2301 3a.
345 2267 407 2299 Sed
426 2272 470 2304 tu,
497 2275 564 2306 rex,
583 2266 736 2297 iustorum
755 2265 867 2305 gloria⁷
930 2267 989 2299 31).
1023 2267 1117 2299 Solve
1155 2272 1335 2301 nostrorum
1361 2271 1548 2310 peccamina

248 2338 307 2369 4a.
343 2335 388 2368 Ut
413 2333 568 2374 possimus
933 2334 994 2367 4b.
1025 2333 1241 2368 Devotissima

343 2390 466 2414 sumere
491 2384 594 2412 mente
1027 2387 1081 2413 tua
1107 2387 1218 2416 sancta
1242 2383 1372 2425 pascha,

761 2431 792 2460 5.
820 2428 972 2463 Domine.
