1653 2689
719 123 982 160 —286-

555 246 624 276 541.
655 245 694 275 In
715 243 825 275 sancti
846 240 1008 272 Iohannis
1029 241 1156 278 Evang.

596 319 783 352 Gratuletur
808 316 909 349 omnis
936 324 1010 348 caro

644 366 842 407 praedilecto
867 363 1007 402 Domini,

596 415 720 454 Pangat
746 413 847 444 omnis
873 411 969 444 turba
993 411 1093 443 melos

644 466 673 493 et
699 463 731 493 in
758 460 893 492 excelsis
920 459 1020 492 corda

594 510 806 547 Extollamus‚
833 508 893 549 eia,

644 554 750 583 Iustus
772 556 806 581 ut
822 552 927 590 palma
949 551 1066 588 florebit
1087 555 1141 580 etc.

274 626 360 661 Trop.
390 634 442 650 ms.
469 623 660 650 Martialense
688 623 757 649 anui
787 618 927 649 933-36.
969 620 1040 648 Cod.
1061 620 1186 648 Parisin.
1210 616 1293 646 1240.
1314 618 1348 647 A.
1369 631 1407 634 —
1426 617 1516 651 Trop.

200 674 252 692 ms.
273 664 485 691 Moissiaeeuse
509 670 584 688 saec.
609 660 651 688 11.
686 660 756 688 Cod.
777 660 904 687 Parisin.
926 660 1020 686 Nouv.
1043 667 1106 694 aeq.
1128 655 1211 685 1871.
1234 657 1268 684 B.
1289 671 1326 675 —
1345 655 1406 682 Vor
1427 654 1440 682 1
1463 654 1516 682 hat

199 704 236 730 B:
259 702 429 729 Psallite
452 700 592 727 dilecto
615 702 667 726 etc.
689 700 722 731 (s.
744 697 981 734 vorhergehende
1002 695 1159 728 Nummer).
1181 711 1218 715 —
1239 693 1257 721 2
1277 695 1384 722 dilecto
1403 693 1464 720 AB.
1478 707 1515 711 —

201 743 223 768 B
249 740 360 767 schiebt
391 739 525 765 iiberdies
554 737 698 764 zwisehen
722 737 778 764 deu
799 737 1048 764 Offertoriutntext
1073 733 1149 762 noch
1173 735 1366 764 Hexameter‚
1394 731 1440 759 die
1461 739 1515 759 aus

204 779 354 813 „Iustitiae
377 775 532 812 qnoniam⁶⁴
555 777 617 807 (ΝΥ,
641 774 707 808 576)
727 774 859 803 entlehnt
880 774 955 807 sind,
974 773 1120 800 niimlich:

410 834 540 861 Afferens
563 837 592 860 et
612 833 736 860 fructum
758 840 925 859 mansurum
949 832 1012 858 iure
1034 839 1085 866 per
1105 838 1218 860 aevum,

468 870 547 899 sic-ut
568 869 682 901 cedrus
705 877 781 905 qnae
806 869 838 895 in
860 867 985 896 Libano
1006 869 1057 899 est,

410 911 541 937 Virtutes
564 911 614 938 sic,
632 909 710 935 haud
730 909 794 936 dis.
816 908 877 941 aut)
896 907 982 935 aliter
1006 906 1166 933 virtutibus
1187 913 1298 940 augens

466 945 727 983 multiplicabitur.

202 1002 384 1035 'Uberschrift
405 1007 434 1032 iu
458 1007 494 1032 A:
519 1006 610 1039 „Ante
632 1002 815 1031 Offereuda“.

615 1112 684 1142 542.
718 1112 754 1141 111
777 1110 887 1141 sancti
910 1109 1098 1140 Laurentii.

220 1192 247 1221 1.
277 1189 373 1225 Deus,
400 1188 487 1219 orbis
514 1191 689 1226 reparator.
906 1187 937 1218 2.
967 1184 1007 1217 Ut
1035 1184 1166 1216 admissi
1192 1182 1381 1215 delitescant

327 1236 396 1267 Lux
423 1240 571 1266 aeternae
598 1234 727 1275 gloriae,
1014 1231 1179 1263 Facinoris
1205 1230 1333 1269 cumuli,

276 1283 370 1315 Mihi.
399 1292 525 1322 quaesm
552 1282 727 1322 paenitenti
965 1281 1102 1320 Quorum
1130 1279 1220 1319 gravi
1245 1278 1328 1309 mole
1355 1285 1450 1316 cogor

326 1330 447 1362 Praebe
474 1330 544 1370 pius
571 1330 704 1365 veniam,
1014 1327 1149 1358 Anxiari
1176 1326 1304 1366 spiritu.

397 1394 422 1422 3.
445 1394 600 1429 Confessio
621 1395 646 1421 ct
663 1392 857 1429 pulchritudo
879 1393 910 1420 in
933 1395 1091 1428 conspeetu
1113 1391 1178 1420 eius
1199 1396 1253 1420 etc.

283 1463 370 1498 Trop.
399 1472 449 1488 111s.
473 1462 664 1494 Sangallense
692 1470 766 1489 saec.
790 1460 833 1488 10.
876 1461 945 1488 Coti.
969 1461 1136 1493 sangallen.
1158 1458 1224 1486 484.
1245 1460 1279 1486 A.
1300 1474 1336 1477 —
1357 1458 1446 1494 Trop.
1467 1465 1519 1484 mS.

207 1500 398 1536 Sangallense
425 1509 502 1527 saec.
532 1499 573 1526 ll.
603 1502 641 1527 in.
684 1500 752 1526 Cod.
775 1499 944 1535 Sangallen.
967 1498 1032 1526 1551.
1058 1500 1087 1525 Η.
1110 1513 1147 1516 —-
1168 1499 1237 1525 Man
1265 1498 1322 1534 vgl.
1350 1496 1402 1524 das
1423 1497 1520 1524 Reim-

206 1540 293 1575 gebet
313 1538 446 1574 gleichen
469 1539 616 1574 Ant'anges
639 1539 668 1564 in
688 1538 773 1565 Anal.
797 1539 907 1572 Hymn.
929 1537 1039 1569 XXIII,
1062 1538 1112 1563 ΧΓ.
1137 1534 1173 1563 69
1195 1536 1252 1563 und
1274 1536 1321 1563 bei
1343 1535 1522 1565 Duemmler,

206 1579 286 1604 Poet.
315 1577 367 1603 lat.
397 1578 459 1603 aevi
482 1577 611 1604 carolini
634 1576 677 1606 11,
706 1585 734 1612 p.
755 1573 819 1602 253.
860 1575 925 1601 Von
953 1576 1017 1602 dort
1046 1576 1084 1601 ist
1105 1574 1185 1601 diese
1206 1574 1387 1602 Introductio
1409 1573 1523 1601 schein-

204 1616 257 1643 bar
279 1616 418 1642 entlehnt.

624 1684 692 1714 543.
724 1685 763 1714 In
785 1683 895 1714 sancti
917 1683 1100 1714 Martialis.

438 1760 513 1799 Iam,
543 1768 621 1798 quae
647 1768 737 1797 pura,
766 1759 819 1797 pio
844 1759 1013 1790 mitescant
1041 1759 1138 1790 corda
1164 1757 1286 1797 colono,

486 1807 702 1846 Innocuusque
730 1815 838 1837 manus
865 1806 1013 1846 precibus
1039 1805 1176 1837 attollite

437 1854 601 1886 Laudibus
628 1859 658 1885 et
686 1853 796 1885 faciles
824 1854 949 1886 divinas
976 1853 1101 1885 reddite
1127 1861 1231 1892 voces,

514 1901 579 1933 Eia,
608 1898 725 1927 Veritas
748 1908 809 1927 mea
831 1903 856 1928 et
878 1897 1085 1928 musei-scordici
1108 1907 1170 1927 mea
1192 1906 1257 1926 cum
1279 1898 1347 1935 ipso
1368 1902 1422 1926 etc.

283 1969 369 2003 Trop.
402 1977 453 1995 ms.
484 1968 674 1995 Martialense
706 1969 775 1995 anni
807 1966 950 1995 933—136.
998 1967 1068 1994 Cod.
1099 1968 1226 1994 Parisin.
1257 1965 1339 1994 1240.
1366 1979 1404 1984 -
1433 1966 1524 2000 „Ante

208 2005 390 2034 Offerenda“.
412 2021 449 2024 —
470 2005 488 2033 :3
507 2006 657 2033 Marcialis
678 2007 816 2033 laudibus
836 2009 969 2035 tzerstijrt
990 2005 1046 2032 den
1060 2005 1257 2039 Hexameter).
1278 2020 1316 2023 —
1329 2006 1392 2033 Das
1412 2002 1526 2041 gleiohe

208 2047 256 2072 eiu
277 2043 303 2071 2.
325 2046 384 2072 Mal
408 2045 460 2071 auf
477 2046 630 2073 Martinus,
654 2045 713 2071 und
734 2044 808 2071 auch
829 2045 902 2073 ἀοι-ἴ,
925 2048 999 2071 trotz
1020 2044 1071 2071 der
1092 2044 1284 2079 Anwendung
1305 2044 1358 2071 auf
1368 2044 1523 2074 Martinus,

209 2085 239 2110 in
262 2084 332 2110 Vers
355 2083 387 2110 3:
413 2083 565 2117 „Marciali
586 2084 668 2114 (statt
688 2083 850 2116 Marcialis)
869 2081 1035 2110 laudibus“.

625 2185 693 2217 544.
726 2187 765 2216 In
786 2186 898 2217 sancti
919 2186 1109 2217 Michaelis.

439 2266 481 2298 Ut
509 2275 566 2297 nos
592 2266 744 2305 angelicis
770 2267 871 2298 socies
898 2275 995 2306 super
1020 2266 1151 2298 aethera
1176 2266 1300 2308 turmis,

438 2314 608 2355 Angelicos
635 2319 745 2346 cantus
771 2315 945 2354 psallemus
972 2323 1049 2347 voce
1076 2323 1202 2356 canora,

514 2361 579 2393 Eia,
603 2360 639 2388 In
662 2363 825 2398 conspecta
845 2360 1026 2398 anyelorum
1042 2359 1180 2398 psallam
1200 2358 1256 2388 tibi
1276 2362 1332 2387 ete.

285 2429 372 2465 Trop.
395 2438 447 2455 ms.
471 2430 641 2457 Prumiense
663 2437 738 2457 saec.
762 2427 836 2457 ¹⁰l11.
876 2428 947 2457 Cod.
967 2429 1095 2457 Parisin.
1117 2425 1201 2456 9448.
