1653 2689
231 246 253 282 ’3
265 259 295 283 a.
329 250 376 283 Ut
399 253 473 292 post
497 250 643 282 exsilium
920 247 983 282 3b.
1013 247 1098 280 Sede
1121 227 1283 280 fidelium*
1306 222 1324 257 '·
1342 226 1362 270 f
1386 248 1394 257 ‘
1648 288 1651 289 ⁷

376 298 444 331 Nos
468 297 501 330 in
525 298 663 338 gloriosa
1062 295 1128 328 Per
1151 298 1248 335 tuum,
1274 294 1392 336 Maria,
1415 295 1419 297 ’
1474 294 1477 298 ’
1529 295 1541 309 ‘'

677 365 709 398 4.
737 363 837 396 sistat
861 361 1025 398 auxilium,
1076 354 1088 361 ”

309 440 392 468 Miss.
414 439 574 468 Baiocense
596 440 665 474 imp.
685 438 862 474 Rothomagi
884 436 967 466 1545.
989 452 1023 456 —
1047 435 1280 474 „Offertorium“.

656 531 725 561 639.
755 531 805 561 De
825 531 936 561 Beata
955 531 1066 561 Maria
1086 531 1126 562 V.

233 604 293 636 la.
329 603 436 642 Virgo,
463 600 582 632 flebilia
918 601 979 635 lb.
1011 601 1081 634 Hac
1106 602 1138 634 in
1165 601 1288 634 familia

375 650 459 681 Cura
485 649 563 680 vitia
1057 650 1266 690 Multiplicia.

231 718 291 749 23.
327 714 512 756 Placabilia,
915 715 977 748 2b.
1009 716 1059 748 Da
1085 714 1212 757 fragilia

373 762 526 804 Propitia,
1057 763 1205 796 Servitia.

230 831 290 862 3a.
328 830 389 861 Per
410 829 489 860 haee
514 828 646 860 humilia
917 829 980 863 3b.
1012 830 1234 870 Acceptabilia

375 877 445 909 Sint
469 875 575 908 officia
1059 877 1234 917 Sacrificia‚

674 926 706 957 4.
734 924 830 964 Virgo
855 924 972 964 Maria,

731 981 751 1003 α
775 972 879 1004 nobis.

304 1048 391 1082 Trop.
413 1055 466 1073 της.
487 1046 645 1074 Diessense
666 1055 741 1074 saec.
765 1045 808 1074 14.
849 1047 922 1074 Cltn.
943 1048 1097 1075 Monaeen.
1118 1046 1202 1075 5539.
1222 1063 1260 1067 —
1280 1047 1308 1082 4,
1329 1047 1347 1076 2
1368 1057 1385 1076 a
1405 1048 1486 1076 fehlt.
1507 1063 1545 1073 —

227 1086 320 1113 Titel:
344 1084 552 1121 „Recordare“.

649 1140 718 1171 640.
750 1141 799 1170 De
820 1141 930 1171 Beata
951 1141 1062 1172 Maria.
1083 1142 1123 1172 V.

228 1211 287 1243 13.
322 1211 402 1252 Ave,
429 1209 545 1249 Maria,
915 1213 931 1244 1
947 1211 977 1244 b.
1009 1213 1090 1248 Ave,
1117 1215 1152 1243 tu
1178 1212 1276 1254 virga,

323 1267 379 1289 nos
404 1257 459 1299 pia
483 1266 578 1299 sana3
1009 1268 1151 1299 expurga
1176 1268 1267 1292 vana.

227 1325 286 1356 23.
322 1324 402 1365 Ave,
428 1321 566 1354 formosa
914 1324 976 1357 2b.
1006 1325 1087 1363 Ave,
1113 1334 1235 1357 annosa

369 1371 454 1403 Rosa
481 1370 520 1401 de
546 1370 648 1410 spina,
1055 1372 1154 1404 Glosa
1180 1373 1298 1408 divina.

226 1439 286 1470 321.
320 1438 400 1479 Ave,
428 1436 579 1467 virtutum
912 1438 974 1472 3b.
1005 1439 1086 1478 Ave,
1114 1440 1307 1479 complutum

323 1485 371 1516 Tu
397 1488 529 1522 scutum,
1006 1487 1071 1518 Vas
1097 1489 1209 1527 tutum,

367 1532 487 1572 Regina
495 1541 502 1572 ;
1053 1534 1181 1567 Resina.

666 1600 698 1632 4.
724 1599 805 1638 Ave,
832 1600 951 1641 regina,

727 1646 792 1677 Nos
818 1656 911 1679 serva
937 1657 955 1679 a
981 1649 1082 1681 ruina.

301 1722 436 1748 Cantion.
458 1729 509 1746 ms.
525 1721 699 1748 Secoviense
719 1724 789 1748 anui
812 1720 894 1749 1345.
927 1723 998 1751 Cod.
1019 1723 1158 1751 Graecen.
1182 1723 1263 1752 1345.
1286 1741 1318 1745 —
1336 1721 1539 1755 Uberschrift:

225 1761 338 1795 „Super
359 1760 544 1787 Offertorium
564 1757 780 1795 Recor[dare]“.

645 1852 714 1884 641.
746 1853 795 1883 De
816 1854 926 1884 Beata
947 1855 1057 1885 Maria
1077 1856 1116 1886 V.

225 1924 285 1955 la.
320 1919 402 1963 Ave,
428 1925 462 1952 tu
488 1930 570 1960 rosa,
911 1924 972 1956 1b.
1004 1925 1028 1957 O
1054 1934 1217 1970 generosa,

368 1970 465 2009 Virgo
490 1969 604 2011 Maria,
1053 1974 1199 2006 Clemens
1225 1979 1258 2007 et
1282 1977 1337 2016 pia

223 2038 284 2070 23.
319 2036 426 2076 Virgo,
455 2036 496 2067 da
519 2035 611 2067 nobis
909 2038 970 2071 2b.
1000 2040 1107 2080 Atque
1132 2043 1263 2074 caelesti

317 2084 364 2115 uti
389 2083 503 2122 sophia
1005 2086 1067 2119 frui
1092 2090 1205 2132 gratia,

223 2153 284 2185 3a.
319 2151 362 2182 Et
387 2154 422 2182 tu
446 2150 567 2189 repelle
909 2152 968 2185 3b.
999 2153 1043 2186 Ut
1069 2158 1100 2186 te
1124 2155 1290 2190 laudemus

315 2202 426 2230 nostra
450 2197 537 2239 vitia,
1003 2211 1073 2233 cum
1098 2204 1246 2238 melodia.

666 2248 698 2279 4.
725 2246 823 2286 Virgo
848 2247 965 2287 Maria,

725 2293 767 2326 da
792 2295 908 2334 gaudia
933 2297 1036 2330 nobis.

297 2369 385 2398 Grad.
413 2378 467 2397 ms.
495 2368 689 2396 Bocholtense
717 2377 792 2396 saec.
816 2368 859 2397 15.
900 2369 971 2399 Cod.
992 2374 1163 2403 Bocholten.
1189 2376 1215 2403 L
1235 2375 1262 2404 6.
1283 2378 1321 2406 A.
1341 2393 1380 2397 —
1399 2379 1539 2409 Cantion,

220 2418 274 2436 ms.
296 2407 527 2445 vissegradense
551 2416 627 2435 saec.
652 2406 695 2436 15.
736 2408 805 2436 Cod.
828 2409 924 2445 Capit.
945 2411 1150 2448 vissegraden.
1173 2415 1199 2441 V
1220 2415 1259 2443 Cc
1279 2426 1306 2451 η.
1325 2417 1360 2444 Β.
1381 2431 1418 2436 —-
1441 2416 1492 2451 lb,
1522 2418 1538 2447 1

221 2448 267 2475 Tu
288 2455 432 2484 generosa
450 2446 484 2473 B.
505 2461 543 2466 —
563 2444 607 2473 2a
627 2446 686 2474 und
707 2444 750 2474 212
771 2447 872 2475 lauten
892 2449 923 2475 in
944 2450 984 2476 B:
