1653 2689
703 123 940 158 -59-

530 233 602 265 102.
632 234 674 265 In
692 225 960 266 assurrectione
979 235 1130 266 Domini.

745 289 859 317 Faria
884 290 924 317 11.

255 360 286 394 1.
314 361 383 393 Iam
409 360 604 393 celebranda
632 361 701 393 dies
726 362 855 402 renitet,
883 371 958 394 vera
983 363 1054 394 luce
1080 370 1261 402 coruscans,

311 409 380 449 Qua.
407 408 506 440 rubro
530 409 611 440 mari
636 409 773 441 transito
797 418 888 441 sacro
915 409 1003 441 fonte
1029 413 1157 442 renatos

379 452 557 483 Introduxit
576 461 629 482 vos
649 453 805 483 Dominus
826 455 860 483 iu
881 457 990 483 terrum
1011 455 1149 492 fluentem
1171 455 1218 482 Iac
1238 457 1264 482 et
1286 456 1348 489 mel,

254 495 287 528 2.
315 495 385 534 Quo
409 494 562 534 paschale
589 495 686 526 decus
712 495 836 534 pariter
861 496 915 535 pio
941 497 1038 528 corde
1065 498 1232 534 captantes

314 542 415 575 Sacra
440 541 620 582 adimplere
645 546 818 582 praecepta
843 542 965 575 Christi
990 544 1130 583 pleniter
1155 543 1323 585 studeatis,

380 590 407 617 et
426 589 461 615 ut
482 586 529 615 lex
548 586 677 616 Domini
697 596 810 624 semper
826 588 867 617 sit
889 589 921 616 iu
942 596 992 616 ore
1012 591 1122 622 vestrm

255 630 287 662 3.
314 629 428 661 Laude
453 636 523 660 cum
549 628 696 668 angelica
722 638 783 660 vox
809 629 1005 661 laetabunda
1031 629 1190 662 resultans

316 676 471 709 Nostrum
496 676 618 716 pascha
642 680 747 717 canat,
774 677 955 709 immolatus
981 681 1029 708 est
1055 677 1129 718 quia
1155 678 1314 718 chrisum,

379 720 525 756 Alleluia,
546 721 688 750 Alleluia.

246 786 334 822 Trop.
363 795 416 814 ms.
442 785 635 813 Martialense
662 794 737 813 saec.
767 783 810 813 10.
852 786 923 813 Cod.
944 787 1071 814 Parisin.
1102 784 1183 813 1084.
1205 788 1239 814 A.
1261 803 1298 807 —
1321 787 1408 821 Trop.
1439 795 1493 812 ms.

171 824 364 853 Martialense
391 832 467 852 saec.
496 822 539 851 10.
568 833 612 851 ex.
653 823 723 850 Cod.
745 825 870 851 Parisin.
901 823 983 852 1118.
1004 826 1037 852 B.
1059 841 1096 845 —
1116 825 1205 861 Trop.
1227 835 1281 852 ms.
1302 824 1493 852 Martialense

173 871 249 890 saec.
279 861 322 890 11.
350 865 388 891 in.
439 862 509 889 Cod.
536 862 664 889 Parisin.
694 861 775 890 1121.
803 863 832 890 C.
862 877 899 881 —
927 864 1015 899 Trop.
1046 873 1098 890 ms.
1126 863 1318 891 Martialense
1345 871 1420 890 saec.
1450 862 1493 889 ll.

173 901 244 928 Cod.
271 900 398 929 Pax-isin.
425 899 490 928 909.
516 901 553 928 D.
573 916 610 919 —
630 901 719 936 Trop.
746 911 798 928 ms.
826 902 854 929 S.
884 903 1007 929 Martini
1028 903 1249 930 Lemovicensis
1279 910 1354 928 saec.
1384 900 1426 927 ll.
1454 902 1493 927 in.

173 939 246 967 Cod.
272 940 401 968 Parisin.
432 937 513 967 1120.
541 939 576 966 Ε.
600 955 638 959 —
659 940 747 975 Trop.
775 948 826 966 ms.
855 940 884 967 S.
912 940 1075 974 Martini(‘?)
1096 941 1316 967 Lemovicensis
1345 948 1420 966 sace.
1452 938 1495 966 11.

175 978 246 1006 Cod.
267 979 393 1006 Parisin.
415 976 480 1006 887.
495 978 527 1005 F.
547 993 586 997 —
606 978 694 1014 Trop.
716 987 768 1005 ms.
784 977 813 1005 S.
829 978 988 1014 Augustini
1003 980 1224 1006 Lemovicensis
1246 987 1321 1005 saec.
1346 977 1388 1004 ll.
1424 977 1494 1005 Cod.

175 1017 300 1044 Pax-isin.
331 1016 413 1045 1119.
435 1016 469 1044 G.
491 1031 528 1035 —
548 1017 637 1052 Trop.
667 1026 719 1043 ms.
740 1017 952 1044 Moissiacense
975 1026 1049 1044 saec.
1074 1015 1117 1044 11.
1159 1017 1230 1043 Cod.
1253 1017 1378 1043 Parisin.
1401 1017 1496 1043 Nouv.

176 1063 240 1091 aeq.
269 1053 350 1083 1871.
372 1057 411 1083 H.
433 1069 468 1074 -—
492 1053 523 1086 1,
553 1054 567 1081 1
594 1063 671 1082 nova
696 1055 762 1082 luce
783 1055 816 1081 A.
838 1069 875 1073 —
899 1054 928 1086 l,
955 1053 973 1082 2
994 1056 1113 1083 rubrum
1135 1063 1214 1081 mare
1237 1055 1339 1082 A—H.
1362 1069 1397 1073 -
1420 1053 1453 1087 2,
1482 1054 1493 1081 1

177 1095 289 1129 pariter
309 1103 361 1130 pro
382 1093 469 1122 corde
486 1094 525 1120 H.
546 1108 582 1112 —
603 1091 630 1125 2,
653 1092 671 1120 2
694 1093 888 1128 adimplentes
904 1095 948 1129 Η;
971 1094 1089 1121 studeas
1106 1094 1139 1120 A.
1164 1108 1198 1111 —
1220 1092 1246 1124 3,
1271 1092 1284 1119 1
1306 1093 1409 1121 Gaude
1431 1102 1495 1119 cum

176 1131 211 1159 G.
226 1147 263 1151 —-
284 1133 341 1160 Die
362 1133 542 1160 Hexameter
562 1131 628 1158 sind
649 1131 839 1167 rhythmisch,
862 1133 916 1159 wie
937 1132 1000 1159 dies
1023 1132 1064 1159 oft
1084 1133 1131 1159 bei
1153 1131 1208 1158 deu
1230 1131 1466 1158 Martialensem.

537 1245 606 1276 103.
637 1246 676 1275 In
698 1245 963 1275 Resurrectione
986 1244 1133 1275 Domini.

747 1301 770 1327 F
779 1302 860 1328 eria
888 1301 926 1328 11.

258 1375 290 1408 1.
317 1375 412 1417 Ecce,
441 1374 509 1406 veri
534 1373 664 1405 luminis
690 1373 884 1405 celebranda
910 1383 1024 1413 nempe
1050 1376 1197 1405 coruscat

318 1423 462 1456 Paschae
489 1421 568 1464 dies,
596 1431 659 1461 qua
685 1420 773 1453 fonte
799 1422 933 1461 perenni
956 1422 1019 1453 iam
1046 1424 1216 1453 renovatos

384 1466 563 1497 Introduxit
582 1475 634 1495 vos
657 1466 811 1496 Dominus
834 1467 867 1494 iu
888 1470 995 1496 terram
1019 1468 1156 1503 fluentem
1177 1465 1224 1493 lac
1245 1468 1271 1493 et
1292 1465 1357 1493 mel.

262 1511 294 1545 2.
321 1509 383 1549 Qui
410 1508 545 1540 dederat
570 1508 681 1548 priora
707 1512 881 1548 praecepta
906 1509 997 1548 legis,
1025 1508 1119 1539 modo
1145 1506 1244 1546 iubet,

320 1557 464 1598 Mystica
488 1565 550 1596 quo
577 1556 767 1588 documenta
792 1561 920 1596 patrum
947 1555 1083 1587 firmiter
1109 1554 1255 1593 teneatis,

388 1604 414 1632 et
433 1605 467 1631 ut
487 1601 534 1631 lex
554 1600 683 1630 Domini
705 1609 818 1638 semper
840 1602 878 1630 sit
898 1602 931 1629 in
954 1610 1003 1630 ore
1023 1604 1130 1630 vestro.

266 1646 299 1678 3.
328 1643 495 1676 Laudibus
521 1643 680 1675 aethereis
706 1643 879 1674 recinendo
907 1643 1045 1682 paschae
1074 1641 1244 1680 triumphis

326 1692 451 1726 Psallat
475 1691 566 1723 unita
592 1691 716 1729 cohors,
745 1691 929 1731 redemptus
956 1695 1005 1722 est
1031 1691 1106 1730 quia
1132 1689 1287 1721 mundus:

387 1736 533 1772 Alleluia,
555 1736 701 1766 Alleluia.

254 1803 311 1830 Die
341 1801 476 1839 gleichen
507 1802 632 1835 Quellen
661 1802 717 1828 wie
748 1802 779 1827 in
809 1801 861 1828 der
891 1799 1151 1836 vorhergehenden
1181 1799 1330 1825 Nummer.
1358 1812 1395 1815 —-
1425 1797 1454 1831 1,
1488 1796 1501 1824 1

179 1844 356 1869 renovantes
376 1842 410 1868 B.
432 1855 469 1859 —
491 1838 519 1873 2,
543 1839 556 1867 1
580 1841 687 1876 prioris
709 1840 743 1866 A.
765 1854 801 1858 —
822 1837 849 1871 2,
870 1837 888 1866 2
911 1840 975 1873 Quo
996 1840 1121 1874 mystica
1141 1837 1244 1864 A—H.

541 1953 610 1984 101.
642 1953 680 1983 In
702 1953 968 1983 Resurrectione
990 1951 1138 1982 Domini.

750 2009 773 2035 F
783 2017 797 2035 e
807 2009 838 2035 ri
848 2017 865 2035 a
894 2009 932 2035 11.

266 2085 298 2118 1.
324 2082 482 2122 Dulciter‚
509 2082 686 2124 agnicolae‚
713 2081 861 2113 festivum
890 2082 997 2113 ducite
1022 2080 1153 2121 pascha,

325 2132 393 2164 Iam
419 2130 495 2170 quia
519 2130 668 2162 Iordanis
693 2130 855 2162 meruistis
882 2129 970 2161 fonte
996 2128 1140 2167 renasci;

391 2174 571 2205 Introduxit
591 2184 646 2204 vos
668 2174 822 2205 Dominus
843 2176 877 2204 iu
897 2178 1008 2204 terram

265 2221 299 2253 2.
327 2217 459 2252 Civibus
483 2216 643 2248 aethereis
669 2220 851 2249 manantem
876 2226 993 2248 manna
1020 2215 1156 2253 decoris,

394 2261 533 2300 fluentem
554 2261 601 2291 lae
621 2264 648 2290 et
667 2262 731 2291 mel.

266 2307 298 2340 3.
326 2305 466 2338 Dixerat
488 2302 552 2334 hoc
574 2303 706 2344 Moyses
732 2303 903 2344 quondam,
932 2302 1077 2335 Christus
1104 2301 1192 2332 iubet
1218 2304 1251 2332 at
1277 2307 1373 2339 nunc,

394 2351 429 2378 ul
449 2347 495 2378 lem
515 2346 645 2377 Domini
664 2356 780 2386 semper
800 2348 841 2377 sit
862 2349 894 2377 in
915 2356 964 2377 ore
984 2351 1089 2382 restro,

266 2394 300 2429 4.
326 2391 461 2432 Aether,
489 2389 613 2431 humuS,
640 2389 764 2430 pariter
790 2390 922 2431 pelagus
947 2399 1012 2421 una
1037 2397 1114 2421 voce
1141 2387 1333 2420 decantent:

392 2435 537 2471 Alleluia,
557 2434 700 2464 Alleluia.
