1653 2689
889 123 894 126 ⁴
935 120 937 122 Ι
979 132 981 134 ·
1050 132 1101 147 «ης

764 167 813 175 -
861 148 932 185 244
978 153 1094 174 -.„.-
1127 151 1137 161 ··

1071 180 1085 193 ‘⁸
1108 187 1114 190 ⁴
1140 186 1153 194 ⁷
1280 195 1318 206 eux

1111 205 1124 218 χ
1217 206 1227 214 =

1278 220 1294 229 «ι

644 293 713 325 474.
745 294 794 324 De
815 292 927 323 Beata.
945 291 1060 323 Maria
1078 292 1120 324 V.

598 385 615 418 1
661 384 776 416 Almae
800 383 916 414 Matris
942 382 1003 414 Dei

707 433 760 464 Ad
787 430 970 463 veneranda
995 431 1123 471 gaudia,

661 481 696 512 In
723 489 785 520 qua
810 482 939 510 nostrae
965 479 1034 519 spei

704 529 786 560 Tota
811 530 919 558 manet
944 525 1075 565 fiducia,

593 578 612 609 5
698 575 876 608 Devotione
901 575 956 614 pia

702 624 873 656 Cantemus
899 621 1086 664 [AlleJZm'a.

325 691 389 722 Per
413 695 450 731 te,
478 699 496 721 o
522 690 626 729 beata,
1015 690 1117 722 Tuum
1144 688 1243 728 stirps
1269 688 1382 721 vitiata

326 738 458 778 Semper
483 738 646 779 inviolata,
673 763 675 766 ⁴
932 739 977 771 20
1010 738 1072 770 Est
1095 738 1180 770 vitae
1204 737 1301 777 data,

374 787 489 818 Sancta
514 786 579 818 Dei
604 787 758 826 yenetrix,
1015 785 1106 827 Quae
1131 785 1169 816 de
1193 784 1280 816 caelo
1299 783 1427 824 prolem

244 835 286 866 10
372 834 508 866 Divinae
533 834 634 873 prolis
658 835 776 873 alitrix,
1061 832 1238 872 Suscepisti
1263 832 1386 864 deicam

326 882 385 914 Est
412 887 505 922 porta
531 885 674 913 reserata
1015 881 1105 913 Sicut
1129 880 1224 912 stella
1248 880 1349 913 solem

371 929 472 961 Nobis
500 930 647 960 caelestis
673 929 797 970 patriae
1062 929 1152 961 Dans
1164 927 1256 959 nobis
1269 928 1372 959 lucem
1385 928 1547 960 caelicam.

326 978 419 1010 Prius
445 976 593 1008 obserata
933 978 975 1009 25
1017 977 1064 1008 Tu
1091 985 1150 1016 per
1175 984 1284 1007 vocem
1310 976 1486 1016 angelicam

373 1026 437 1057 Pro
464 1025 557 1064 culpa
583 1024 747 1067 perfidiae,
1065 1024 1226 1057 Christum
1253 1023 1427 1063 concepisti

248 1073 288 1105 15
328 1072 492 1104 Sententia
517 1073 644 1112 prolata
1015 1072 1138 1104 Ferens
1163 1079 1267 1102 escam
1292 1071 1451 1104 mellicam

371 1120 487 1152 Mortis
512 1129 571 1159 per
595 1120 684 1152 Evae
709 1121 820 1152 vitium
1063 1120 1148 1153 Huic
1173 1119 1295 1151 mundo
1320 1119 1417 1156 tristi,

375 1168 409 1198 In
436 1175 533 1207 genus
558 1168 751 1205 mortalium,
1061 1169 1159 1207 Quam
1185 1167 1276 1207 virgo
1299 1167 1451 1208 yemis-ti.

375 1215 484 1246 Donec
509 1223 568 1254 per
593 1216 795 1255 puerperium

310 1308 438 1336 Cantion
463 1317 515 1335 ms.
543 1309 737 1344 Vigorniense
764 1317 839 1336 saec.
868 1306 911 1335 15.
957 1309 1027 1336 Cod.
1057 1309 1199 1336 Oxonien.
1225 1308 1308 1335 Bodl.
1336 1309 1420 1336 Auct.
1448 1310 1472 1336 F
1497 1309 1549 1336 inf.

235 1344 259 1372 1.
281 1344 307 1373 3.
329 1361 364 1365 —
388 1345 423 1373 18
444 1347 541 1374 Donet
559 1347 770 1381 (Lesefehler‘?]
789 1362 825 1367 —
846 1344 883 1373 25
903 1356 984 1374 voce.
1005 1362 1042 1365 —
1063 1345 1099 1374 29
1121 1348 1222 1380 Quem.
1238 1363 1274 1366 —
1289 1347 1331 1374 Es
1352 1347 1427 1383 folgt
1446 1349 1478 1374 in
1498 1347 1550 1375 der

231 1383 348 1417 Quelle:
382 1385 465 1419 „Per
485 1388 532 1416 te,
554 1385 621 1411 Dei
642 1386 830 1421 genitriX,
851 1385 959 1412 nobis
981 1389 1037 1412 est
1057 1386 1138 1412 vita
1158 1385 1307 1420 perdita
1328 1385 1431 1418 data,
1454 1393 1551 1421 quae

228 1422 270 1449 de
301 1423 400 1449 caelo
432 1424 642 1457 suscepisti
671 1424 812 1458 prolem
839 1426 874 1450 et
903 1423 1039 1450 mundo
1069 1422 1270 1459 genuisti“.
1320 1424 1386 1459 Vgl.
1417 1424 1463 1452 die
1494 1424 1551 1451 Be-

231 1460 375 1497 merkung
395 1470 446 1488 zur
465 1461 724 1497 vorausgehenden
744 1462 795 1488 Nr.
815 1458 881 1487 473.

612 1591 680 1622 475.
711 1592 749 1621 ln
771 1591 923 1622 Omnium
943 1591 1160 1622 Sanctorum.

603 1681 633 1713 1.
670 1681 700 1712 A
726 1684 766 1722 te,
795 1688 862 1719 rex,
887 1680 1025 1719 patriam

670 1728 825 1768 petimu53
851 1727 915 1758 iam
940 1728 1071 1767 placida

671 1776 758 1807 illam
785 1783 861 1807 aure
886 1780 1018 1815 captans

672 1823 894 1863 repromissam
922 1823 1119 1864 contribuas,

672 1871 704 1902 in
731 1880 792 1910 qua
819 1870 1000 1902 dulcifluam

669 1919 838 1950 melodiam

670 1966 730 1997 tibi
757 1966 901 2006 angelica

670 2013 807 2046 Domino
833 2017 962 2045 cantant
989 2016 1117 2055 agmina

671 2062 775 2094 omnia
801 2070 860 2100 per
884 2062 1030 2104 saecula3

670 2110 762 2149 plebs
788 2109 917 2140 credula

669 2156 901 2195 illustrabitur;
927 2156 1083 2191 Alleluia.

226 2227 287 2259 23.
322 2225 520 2258 Iudicabunt
915 2224 976 2257 2b.
1010 2225 1137 2267 Sancti,

321 2273 457 2313 apostoli
1010 2273 1174 2306 nationum

320 2326 415 2362 atque
440 2319 617 2360 regnabunt
1009 2322 1063 2360 qui
1089 2323 1129 2354 de
1154 2322 1336 2365 multarum,

227 2400 286 2434 3a.
321 2395 368 2432 Et
393 2396 650 2430 dominabuntur
916 2397 978 2430 3b.
1015 2398 1060 2430 Et
1085 2399 1268 2441 reynabwnt
1291 2407 1418 2439 semper

321 2455 358 2478 ac
381 2445 649 2486 principabuntur
1010 2455 1070 2486 per
1095 2450 1209 2480 cuncta
1233 2447 1371 2488 saecula,
