1653 2689
703 115 960 151 —341—

608 257 678 289 690.
711 259 761 289 De
782 259 902 289 sancto
925 257 1057 289 Rooho.

170 343 233 378 1a.
267 343 405 376 Praeter
429 344 558 376 solitum
583 343 678 376 ritum
866 344 926 378 lb.
960 344 1028 376 Nec
1053 344 1139 376 sinas
1166 353 1225 385 per
1251 347 1373 377 reatum

265 391 416 424 Ecclesia
440 395 472 423 te
498 395 644 424 sanctum
959 392 1162 425 Pertransire
1187 394 1372 425 mandatum

314 440 394 473 Orat
417 444 533 480 mater,
1008 440 1140 483 Christi,
1168 444 1270 481 pater.

169 522 230 555 2a.
265 521 405 559 Virtute,
433 531 495 562 qua
520 524 555 552 tu
581 525 704 561 pestem
861 521 924 553 2b.
956 522 991 552 In
1018 525 1181 554 aeternam
1208 525 1347 562 requiem

265 569 377 608 Caras,
404 569 536 609 spiritus
562 570 638 601 item
958 569 1028 600 Duc
1054 569 1175 602 intrare
1201 570 1371 612 hominem,

314 617 485 657 Operatur.
1007 618 1106 657 Quam
1133 622 1306 652 scrutatur.

167 699 228 731 3a.
265 698 326 730 Dei
353 707 412 739 per
436 699 569 739 imperia
860 698 923 731 3b.
955 699 1023 731 Tua
1049 699 1129 731 bene
1156 700 1269 731 merita

266 746 303 778 In
331 749 463 778 aeterna
487 747 590 788 gloria
957 747 1075 779 Nostra
1102 751 1227 788 tergant
1254 748 1385 785 delicta,

312 794 385 827 Stas
410 804 517 827 suave.
1006 795 1121 828 Sancte
1147 795 1265 828 Roche.

243 893 328 921 Miss.
356 894 551 922 Atrebatense
579 896 647 931 imp.
678 904 700 922 s.
728 896 746 922 l.
777 892 858 922 1508.
888 896 922 922 A.
944 909 982 913 —
1002 895 1083 922 Miss.
1106 895 1298 922 Atrebatense
1329 896 1398 931 imp.
1427 905 1448 923 s.
1474 895 1493 922 l.

163 928 280 967 [1518].
301 933 333 960 Β.
356 946 393 951 -
415 930 469 966 2b,
490 931 508 961 3
529 934 611 966 Quae
634 934 664 961 B.

577 1075 646 1106 691.
678 1075 727 1104 De
749 1076 868 1105 sancto
891 1074 1078 1112 Stephano.

665 1169 694 1200 1.
722 1169 762 1200 Al
769 1168 889 1200 tissimo

721 1215 825 1248 laudis
855 1217 1027 1256 praeconio

165 1299 228 1330 2³..
265 1297 355 1329 Haec
380 1301 507 1330 resonet
533 1297 668 1329 ecclesia
858 1297 919 1332 2b.
951 1296 1051 1329 Primi
1076 1297 1228 1338 martyris
1252 1298 1397 1338 gloriam.

162 1380 224 1412 33.
261 1378 348 1410 Hinc
378 1377 475 1410 hodie
502 1377 683 1410 dulcisonas
859 1378 920 1411 3b.
952 1378 1038 1410 Odas
1064 1378 1096 1409 in
1123 1379 1219 1411 caelis
1245 1380 1383 1411 omnium

659 1461 691 1493 4.
720 1459 993 1500 Archangelorum
1021 1460 1108 1492 chori

717 1508 883 1541 resultent.

236 1607 320 1635 Miss.
349 1616 401 1634 mS.
430 1607 773 1643 Claustroneoburgense
802 1616 876 1635 saec·
908 1605 952 1635 14.
978 1609 1017 1634 in.
1066 1608 1135 1635 Cod.
1165 1608 1484 1645 Claustroneoburgen.

157 1644 204 1674 73.
226 1647 283 1674 Mit
303 1645 441 1674 Melodie.
463 1661 500 1664 —
523 1644 547 1678 l,
569 1644 586 1673 2
608 1647 774 1682 praeconia.

595 1765 664 1794 692.
696 1765 744 1794 De
766 1765 888 1795 sancta
909 1765 1048 1796 Ursula.

157 1860 217 1892 la.
254 1860 280 1892 Ο
305 1859 438 1901 Ursula,
466 1869 584 1900 sponsa
610 1860 742 1899 Christi,
853 1862 869 1893 1
887 1860 916 1893 b.
949 1861 996 1892 Tu
1023 1864 1128 1891 mente
1155 1863 1257 1891 mater
1283 1859 1382 1899 fuisti,

255 1908 343 1946 Quae
370 1908 551 1947 lampadem
579 1907 732 1940 curavisti
947 1909 1024 1942 Cum
1053 1908 1192 1950 virgines
1219 1909 1367 1940 monuisti

301 1955 472 1988 Adornare
498 1955 609 1998 nitide,
996 1957 1091 1997 Sequi
1119 1956 1279 1988 Christum
1306 1956 1442 1989 fervide.

154 2039 215 2070 2a.
252 2037 330 2069 oleo
356 2045 418 2068 non
445 2036 588 2079 caruisti,
848 2038 909 2071 zb.
944 2039 1023 2070 Vota
1051 2037 1179 2070 Christo
1205 2038 1388 2075 reddidisti,

255 2084 319 2116 Sed
345 2085 525 2124 lampadem
551 2085 738 2127 accendisti,
943 2086 1000 2119 Cui
1026 2095 1146 2118 summe
1172 2086 1332 2126 placuisti,

299 2132 344 2165 Ut
370 2134 491 2165 luceret
521 2135 655 2174 ceteris;
993 2135 1081 2166 Dans
1109 2135 1289 2174 exemplum
1315 2136 1464 2175 posteris,

153 2218 214 2250 3a.
252 2214 438 2255 Coniugium
467 2215 654 2255 despexisti,
847 2215 909 2250 3b.
942 2218 1027 2247 Ante
1054 2216 1173 2248 vultum
1202 2217 1273 2247 Iesu
1300 2216 1420 2249 Christi

250 2262 444 2303 Martyrium
468 2262 598 2294 sitivisti
942 2263 1122 2303 Suffragare
1148 2265 1244 2296 choro
1270 2265 1333 2305 isti,

298 2311 342 2342 Et
370 2310 474 2343 vicisti
500 2314 640 2344 strenue.
987 2313 1194 2354 Quaesumus,
1221 2313 1360 2344 assidue.

227 2412 314 2440 Miss.
336 2409 615 2439 Fontisebraldense
637 2413 706 2447 imp.
728 2411 852 2439 Parisiis
875 2410 957 2440 1606.
