1653 2689
463 78 525 106 '³⁸²'
591 111 595 114 -
742 116 788 122 —
836 95 907 133 393
954 116 990 122 -

204 187 328 264 1)υῶ
341 180 492 223 Ποτηῖεῐο.
519 189 695 228 Augustino,
721 191 844 230 Pelagio

206 282 257 311 Do
277 291 299 310 s.
321 277 440 314 Hilario
461 283 527 314 683.
549 285 613 315 771.

211 331 256 359 De
276 339 300 358 s.
321 331 476 362 Honorato
496 332 562 362 684.

203 378 256 406 De
276 387 300 406 s.
319 380 459 410 Ianuario
480 379 546 410 243.

209 426 255 454 De
269 434 307 454 ss.
320 427 531 457 Innocentibus
545 428 668 458 42—44.
680 428 841 460 244—250.

265 472 428 505 401—403.
449 475 514 506 539.
535 476 697 506 572—574.
718 477 774 506 714
795 481 840 508 bis

266 521 331 550 717.

206 571 243 599 In
265 572 379 600 Octava
399 581 437 600 ss.
459 573 663 602 Innocentium
685 572 750 602 251.

205 619 241 647 In
269 619 433 648 Nativitate
461 629 483 648 s.
510 621 652 650 Iohannis
679 623 764 658 Bapt.
792 623 838 651 45.

262 664 310 695 46.
331 666 492 696 252—261.
513 668 578 696 404.
596 668 758 698 480—482.
773 671 838 699 511.

262 713 327 743 523.
349 714 414 743 524.
436 714 500 744 718.
523 715 587 744 742.

203 763 240 790 ln
254 763 459 793 Decollatione
480 773 501 792 s.
516 766 658 794 Iohannis
672 768 750 803 Bapt
773 766 836 796 262.

262 810 326 839 263.
348 809 414 840 483.
436 812 501 841 575.

203 859 239 886 In
260 859 374 895 vigilia
395 870 417 887 s.
440 861 581 889 Iohannis
602 863 715 898 Evang.
738 862 802 891 264.

202 907 248 935 De
276 915 297 934 s.
327 908 460 937 Iohanne
487 909 683 946 Evangelista
710 910 833 940 47—51.

261 953 422 984 265—269.
437 955 588 985 405—407
611 957 676 986 484.
691 957 756 986 540.
770 959 834 988 541.

260 1001 422 1032 576—578.
444 1003 508 1033 633.
531 1005 593 1034 719.
616 1005 680 1035 720.

201 1051 248 1078 De
268 1059 307 1078 sa.
328 1052 459 1081 Iohanne
479 1057 509 1080 et
529 1054 621 1082 Paulo
643 1054 707 1083 270.

199 1099 246 1126 De
267 1108 290 1126 s.
311 1099 429 1128 Iuliano
451 1099 516 1128 271.
538 1101 603 1130 579.

199 1147 245 1174 De
267 1156 290 1174 s.
310 1147 393 1175 Iusto
416 1149 456 1176 M.
479 1147 543 1176 272.
565 1148 630 1178 580.
653 1149 716 1178 721.

198 1195 244 1222 De
265 1204 288 1222 a.
309 1195 401 1224 lvone
421 1195 486 1224 685.

199 1242 244 1270 De
265 1252 288 1270 s.
309 1243 476 1272 Katharina
496 1242 559 1273 686.
581 1244 645 1274 687.
668 1245 731 1274 772.

197 1290 244 1318 De
266 1300 288 1318 s.
312 1291 474 1320 Laurentio
496 1291 656 1322 273—280.
678 1293 742 1322 542.
764 1294 828 1324 581.

257 1336 321 1366 743.

196 1386 242 1414 De
263 1396 286 1414 s.
307 1387 463 1415 Leonardo
485 1386 549 1416 688.
572 1388 637 1417 773.

193 1434 242 1461 De
263 1444 285 1462 s.
307 1434 402 1462 Lucia
423 1434 487 1463 281.

193 1482 239 1509 De
261 1491 284 1510 s.
305 1483 452 1519 Maglorio
475 1481 539 1511 282.

193 1530 240 1557 De
260 1539 282 1558 s.
303 1530 405 1559 Marco
426 1530 491 1560 283.

194 1578 240 1606 De
261 1587 283 1606 s.
305 1578 401 1606 Maria
422 1580 601 1615 Magdalena
621 1580 685 1609 774.

192 1626 238 1654 De
262 1637 284 1654 s.
306 1627 424 1655 Martha
445 1626 508 1656 689.
531 1628 596 1657 775.

190 1675 238 1702 De
265 1685 288 1704 s.
315 1676 453 1704 Martiale
480 1674 641 1705 284-296.
663 1677 825 1706 512-514.

251 1721 316 1751 525.
338 1722 403 1752 526.
425 1724 489 1753 543.
505 1723 666 1754 582-584.
682 1725 746 1754 722.
761 1727 826 1756 744.

249 1770 313 1801 745.

189 1820 236 1848 De
257 1829 280 1847 s.
301 1820 430 1848 Max-tino
453 1819 614 1849 297—307.
637 1822 700 1850 527.
723 1822 779 1851 585

188 1869 236 1897 De
258 1878 282 1898 s.
303 1870 442 1897 Mathaeo
463 1868 528 1898 308.

187 1917 236 1946 De
256 1927 280 1945 s.
300 1918 452 1946 Maturino
474 1916 539 1946 776.

189 1967 234 1994 De
257 1976 279 1995 s.
301 1967 443 1994 Mauritio
463 1965 624 1994 309—312.

187 2015 233 2043 De
251 2025 274 2042 s.
295 2015 442 2043 Michaele
457 2013 503 2043 52.
518 2014 563 2042 53.
579 2013 741 2044 313-323.
756 2015 821 2045 544.

245 2061 311 2092 586.
333 2062 398 2091 723.

186 2113 233 2141 De
255 2122 278 2140 s.
300 2112 426 2139 Nicolao
448 2110 513 2139 324.
535 2110 600 2139 325.
622 2111 685 2140 408.
708 2110 773 2142 409.

183 2162 232 2189 De
253 2170 276 2188 s.
297 2160 392 2188 Paulo
413 2158 575 2188 326—329.
596 2159 662 2188 590.
684 2159 748 2188 724.

184 2209 222 2237 In
243 2209 443 2237 Conversione
464 2218 487 2236 s.
509 2208 596 2235 Pauli
616 2207 682 2236 330.

183 2259 230 2286 De
271 2267 293 2285 s.
332 2257 420 2285 Petro
454 2256 472 2284 5
505 2257 664 2284 Prooemii.
697 2255 819 2294 54—57.

243 2303 406 2335 331—337.
422 2303 584 2333 545-547.
600 2303 665 2332 587.
677 2302 742 2333 588.
754 2304 819 2335 725.

900 192 938 220 111
958 201 981 220 s.
1000 193 1082 221 Petri
1102 194 1139 221 ad
1159 194 1286 223 Vincula
1306 194 1370 224 338.

900 239 937 266 In
957 247 982 267 ε.
1004 241 1086 268 Petri
1107 232 1252 269 Cathkdra
1273 241 1336 270 726.

901 287 945 314 De
966 296 1004 315 ss.
1025 287 1112 316 Petro
1134 292 1163 316 et
1182 290 1276 316 Paulo
1298 289 1362 318 589.

900 334 944 362 De
955 344 994 363 ss.
1002 335 1141 372 Philippo
1153 340 1182 363 et
1190 337 1297 364 Iacobo
1311 336 1355 364 58.
1365 337 1420 366 339
1430 353 1453 356 —
1461 337 1498 364 :34
1506 337 1527 365 1.

957 381 1022 410 591.

899 430 943 457 De
965 439 987 457 s.
1010 432 1116 458 Pontio
1140 429 1204 458 528.

899 477 943 505 De
964 487 1002 505 ss.
1024 478 1170 513 Reliquiis
1190 480 1413 507 Prumiensibus
1435 478 1498 506 342.

897 525 942 552 De
963 534 985 552 s.
1007 526 1146 554 Remaclo
1168 525 1233 554 343.

896 573 942 600 De
963 582 986 601 s.
1006 573 1107 602 Rocho
1129 573 1193 602 650.
1214 572 1278 602 690.

897 620 940 647 De
962 629 984 648 s.
1007 620 1111 649 Rufino
1132 619 1198 649 344.

896 668 940 695 De
961 678 983 695 s.
1006 669 1180 697 Sebastiano
1203 669 1267 698 051.

897 716 940 743 De
962 726 1000 744 ss.
1022 718 1142 744 Senesio
1164 722 1192 744 et
1212 717 1385 753 Theoponto
1406 717 1469 746 345.

895 764 941 790 De
961 773 983 790 s.
1006 764 1148 792 Silvestro
1170 765 1235 792 346.
1257 765 1321 792 485.

893 811 939 838 De
973 821 995 838 s.
1030 812 1178 847 Stephano
1210 811 1331 840 59—62.
1363 812 1524 843 347—350.

950 858 1111 887 410-412.
1127 859 1287 888 486—489.
1303 860 1366 888 529.
1383 860 1446 889 530.
1458 860 1524 889 548.

949 906 1014 934 592.
1036 906 1099 934 691.
1122 906 1187 935 727.
1209 906 1273 935 728.
1296 907 1359 936 747.
1383 908 1446 937 748.

892 955 927 981 lu
947 956 1122 983 Inventione
1144 965 1167 983 s.
1189 956 1331 991 Stephani
1351 956 1416 985 351.

891 1003 935 1029 De
957 1013 979 1029 s.
1001 1002 1156 1031 Swithuno
1177 1002 1242 1031 23:32.
1264 1003 1329 1031 353.
1351 1004 1415 1032 593.

890 1050 935 1077 De
956 1059 978 1077 s.
1002 1050 1216 1085 Symphoriano
1238 1050 1302 1077 354.

889 1098 935 1124 De
957 1107 980 1124 s.
1001 1098 1115 1125 Thema
1135 1099 1264 1134 Mat-tyre
1285 1098 1350 1127 413.

891 1147 935 1173 De
956 1154 978 1172 s.
999 1146 1110 1173 Ursula
1131 1144 1196 1173 692.
1217 1144 1281 1173 693.
1303 1146 1366 1174 777.

889 1193 933 1219 De
955 1202 978 1219 s.
1000 1193 1121 1220 Valeria
1142 1191 1302 1220 355—357.

888 1241 933 1268 De
955 1250 977 1267 s.
1000 1241 1127 1268 vedasto
1149 1240 1212 1269 358.

888 1289 932 1315 De
953 1297 975 1315 s.
998 1290 1149 1316 Victorino
1170 1288 1236 1317 360.

888 1337 932 1363 De
953 1346 977 1363 s.
997 1337 1154 1363 Vincentio
1175 1334 1221 1364 63.
1243 1336 1403 1365 361-364.
1425 1337 1489 1365 746.

887 1384 931 1411 De
952 1393 974 1411 s.
996 1384 1093 1411 Vitale
1115 1383 1159 1411 64.
1180 1384 1245 1412 365.

888 1433 932 1459 De
953 1442 990 1460 ss.
1012 1433 1164 1469 Apostolis
1185 1432 1345 1461 366—369.
1367 1433 1431 1462 594.
1454 1433 1517 1461 749.

886 1481 930 1507 De
953 1490 974 1507 s.
995 1482 1125 1515 Martyre
1148 1480 1309 1508 :fio—373.
1331 1481 1395 1509 595.
1418 1480 1481 1509 751.

886 1528 930 1555 De
946 1537 984 1555 55.
997 1529 1180 1563 Martyrihus
1195 1527 1259 1556 374.
1275 1528 1339 1556 375.
1355 1529 1516 1558 490—433.

944 1575 1008 1604 729.
1031 1576 1095 1604 750.

884 1625 929 1652 De
951 1634 988 1652 ss.
1010 1626 1188 1652 Ductoribus
1209 1623 1274 1653 494.

883 1673 928 1700 De
956 1682 978 1699 S.
1008 1673 1179 1700 Confessore
1201 1666 1342 1701 pontifice
1364 1673 1430 1702 376.
1449 1672 1514 1701 377.

941 1719 1006 1748 496.

883 1769 928 1796 De
949 1778 971 1796 s.
991 1770 1166 1797 Confessore
1187 1768 1253 1797 378.
1274 1768 1338 1797 379.
1362 1770 1426 1798 414.
1448 1769 1514 1798 497.

940 1816 1004 1844 505.
1027 1816 1091 1845 730.
1113 1817 1177 1844 731.

883 1866 927 1892 De
948 1875 986 1892 ss.
1009 1866 1232 1893 Confessoribus
1254 1864 1318 1893 495.

881 1914 926 1941 De
948 1923 969 1940 s.
991 1915 1114 1950 Virgine
1137 1913 1200 1941 506.

880 1962 925 1989 De
947 1972 984 1989 ss.
1001 1963 1175 1997 Virginibus
1190 1960 1351 1991 380—382.
1367 1961 1430 1990 507.
1447 1961 1513 1990 596.

1138 2077 1255 2107 Varia.

880 2156 974 2192 Super
996 2154 1139 2191 „Libera‘''
1166 2154 1324 2183 Uip-7³3.

879 2206 974 2240 Super
997 2203 1111 2239 „Media
1132 2203 1209 2231 vita‘·
1234 2202 1393 2232 7234-755.

878 2254 923 2281 De
946 2253 1115 2280 Novissimo
1138 2253 1193 2280 Die
1216 2250 1278 2279 778.

879 2305 936 2332 Pro
958 2306 1034 2334 Pace
1058 2298 1123 2327 652.
1146 2299 1209 2328 752
