1653 2689
675 97 934 132 -227—

521 195 614 228 Salus
638 193 777 234 gentium

520 243 614 274 Vitae
639 241 751 281 pandit
776 241 902 277 ostium,

519 289 602 322 Dum
627 288 738 321 mortis
763 288 955 329 supplicium

475 338 532 370 Pie
557 337 683 369 tolerat.

387 385 447 422 ‚10
567 383 682 416 Mundi
707 383 858 424 princeps
884 382 1085 421 exturbatur,

471 432 553 464 Dum
581 431 774 470 considerat,

568 479 658 519 Quod
683 488 743 519 per
768 485 901 510 mortem
928 478 1085 510 liberatur

471 527 531 567 Qui
557 527 710 567 perierat.

571 574 645 607 Iure
669 584 727 607 suo
753 576 798 606 sic
823 576 979 615 privatur,

402 623 444 655 15
471 622 554 654 Dum
583 622 744 654 desiderat

472 671 567 703 mum
592 670 654 702 sibi
679 670 827 712 subdere,
854 671 909 711 qui
932 671 978 702 nil
1004 671 1217 704 commiserat.

222 735 357 764 Cantion.
379 745 432 764 ms.
454 736 535 764 Petri
555 737 590 763 de
612 736 735 764 Medicis
755 737 924 771 (Gallicum)
945 746 1020 764 saec.
1045 736 1087 764 13.
1123 736 1192 764 Cod.
1215 736 1405 763 Laurentiau.
1421 735 1465 762 Pl.

146 773 190 803 29.
221 773 246 802 1.
265 774 299 802 A.
322 788 360 793 —-
379 775 516 802 Cantion.
545 783 598 802 ms.
621 776 800 803 Dertusense
822 784 896 803 saec.
922 774 964 803 13.
1006 776 1076 803 Cod.
1099 776 1194 811 Capit.
1217 775 1371 801 Dertusen.
1394 783 1415 799 s,
1438 784 1465 800 n.

145 815 180 841 B.
201 827 238 832 —
259 814 396 841 cantion.
419 821 473 840 ms.
489 813 634 842 Gallicum
655 821 731 841 saec.
755 812 798 841 13.
834 814 903 841 Cod.
925 814 1182 849 Guelfenbyteran.
1198 811 1253 840 677
1266 812 1374 842 (Helm.
1389 810 1463 843 628).

147 853 178 880 C.
200 866 238 871 -—
262 850 280 879 9
301 852 408 879 tolerat
434 851 508 879 fehlt
528 853 560 879 B.
582 866 619 870 —
642 850 676 879 16
698 851 772 879 nihil
795 852 826 880 B.
851 867 884 872 —-
906 853 940 879 In
962 853 984 879 B
1008 854 1046 879 ist
1066 853 1117 880 der
1137 853 1251 886 Tropus
1274 850 1463 878 unmittelbar

146 899 185 918 an
207 890 379 925 „Stupeat
405 888 555 917 natura“
583 892 616 920 (s.
638 890 722 917 Anm.
751 899 787 918 zu
808 891 858 917 Nr.
879 889 946 922 440)
969 891 1109 926 angefiigt
1129 889 1188 917 und
1210 891 1240 915 in
1262 889 1357 916 dieser
1378 890 1463 916 Form

146 929 233 956 Anal.
254 929 363 956 men.
385 929 451 961 XX,
472 929 523 956 Nr.
544 926 610 960 245,
632 930 787 963 mitgeteilt
807 937 834 955 u.
857 939 881 956 z.
903 938 958 956 nur
978 937 1031 956 aus
1047 930 1079 955 B.
1101 943 1137 946 —
1152 930 1176 956 Α
1197 927 1247 954 hat
1269 936 1315 954 am
1331 928 1464 954 Schluss:

147 965 337 1003 [„Pascha]
362 967 560 998 nostrum&
588 967 725 993 wodureh
751 969 800 994 ein
823 967 931 994 Anhait
958 968 1084 1003 gehoten
1108 967 1162 999 ist,
1192 968 1221 992 in
1242 965 1467 993 vorstehendem

147 1005 240 1033 Liede
268 1005 354 1032 einen
375 1005 490 1038 Tropus
518 1014 583 1032 zum
604 1005 714 1032 Versus
736 1005 942 1032 Alleluiaticus
965 1005 1128 1039 „Pascha
1152 1008 1317 1031 nostrum
1340 1005 1466 1031 immo-

148 1044 252 1071 latus
272 1047 330 1072 est
350 1042 542 1071 Christus“
565 1052 602 1070 zu
622 1042 780 1071 erkennen.
815 1044 887 1071 Vei-s
910 1041 984 1070 3-5
1005 1045 1113 1070 deuten
1127 1043 1287 1077 allerdings
1303 1043 1466 1070 ausVeih-

148 1082 283 1115 nachten,
306 1082 376 1109 aber
396 1082 447 1109 der
467 1082 538 1109 Rest
558 1081 612 1108 auf
627 1082 742 1109 Ostem.

511 1179 580 1210 439.
612 1180 650 1209 In
673 1180 939 1210 Resurrectioue
959 1179 1108 1210 Domini.

551 1251 566 1282 1
596 1249 753 1282 ,Nostrum
780 1253 827 1281 est
854 1250 1018 1289 impletum

646 1297 824 1335 Gaudiumg

700 1347 759 1378 Per
786 1354 930 1384 azymum

697 1393 744 1425 Sit
771 1394 909 1424 animum

596 1441 719 1473 Pascha
745 1441 874 1474 laetum.

549 1492 568 1522 5
596 1488 675 1520 Leto
702 1489 800 1520 letum

593 1537 652 1568 Est
681 1536 833 1574 deletum,

642 1584 778 1617 Exsulat
807 1584 966 1617 exsilium.

698 1634 771 1665 Post
797 1633 940 1664 triduum

696 1682 807 1714 Cessat
834 1690 967 1713 vacuum
996 1686 1094 1721 tuum,

525 1730 567 1762 10
595 1729 695 1768 Mors,
724 1730 899 1761 decretum.

593 1777 808 1818 Amplexatur
834 1778 1012 1817 parvulum,

595 1825 660 1856 Dat
685 1826 840 1860 osculum.

595 1873 660 1905 Dat
685 1874 836 1906 annulum

596 1921 692 1953 Pater
718 1927 749 1954 et
778 1921 920 1954 vitulum.

527 1971 567 2002 15
596 1969 631 2012 Ο,
659 1979 753 2010 quam
781 1970 875 2002 dulce
903 1968 1058 2002 ferculum

643 2019 680 2050 In
706 2028 763 2050 ara
790 2019 895 2050 crucis
920 2019 1090 2059 torridum,

642 2068 672 2098 A
697 2076 759 2107 quo
784 2066 855 2099 fluit
881 2068 1029 2107 sapidum

597 2113 700 2147 Cruor
725 2116 874 2155 poculum

695 2163 866 2197 Nostrum.

229 2224 368 2252 Cantion.
390 2233 443 2252 ms.
465 2223 546 2251 Petri
567 2224 602 2251 de
624 2223 748 2252 Medicis
767 2224 938 2260 (Gallicum)
958 2233 1034 2253 saec.
1059 2224 1101 2252 13.
1137 2226 1207 2253 Cod.
1224 2226 1411 2252 Laurentina.
1431 2223 1470 2251 ΡΙ.

150 2261 195 2292 29.
226 2262 250 2291 1.
275 2277 308 2282 —-
331 2263 386 2290 Am
407 2262 525 2290 Schluss
554 2263 717 2299 beigefiigt:
748 2261 936 2300 „[Pascha]
965 2262 1161 2292 nostrum“.
1183 2279 1221 2284 -—
1243 2265 1284 2292 Es
1307 2266 1345 2291 ist
1370 2273 1472 2291 unver-

149 2301 312 2334 stfindhch,
342 2309 453 2330 warum
478 2301 526 2328 W.
547 2301 649 2337 Meyer
675 2302 716 2329 im
737 2303 812 2330 Vers
832 2300 850 2329 4
877 2306 948 2331 statt
977 2304 1034 2337 „sit
1059 2304 1207 2331 animum²⁴
1237 2304 1283 2330 die
1311 2303 1366 2330 deu
1389 2304 1471 2330 Reim

149 2340 338 2370 zerstbrende
365 2340 424 2368 und
456 2339 513 2367 den
535 2338 611 2368 Sinn
636 2341 838 2369 verflaehende
859 2341 1026 2376 Konjektur
1049 2342 1098 2378 „fit
1119 2344 1266 2370 01n11i111u“
1291 2342 1472 2377 v13rschliig53

149 2387 273 2416 azymus
294 2381 335 2408 ist
354 2377 548 2408 bekanntlieh
570 2380 619 2406 ein
641 2378 796 2415 Adjektiv,
822 2380 887 2409 hier
907 2380 1040 2409 Attribut
1061 2390 1097 2408 zu
1120 2383 1302 2417 „auimum*·;
1326 2390 1392 2409 man
1414 2382 1472 2417 vgl,

149 2418 243 2447 damit
262 2419 336 2447 Vers
357 2417 376 2446 4
396 2427 456 2446 von
479 2417 694 2453 „Immolata
715 2417 910 2455 paschali“
932 2419 994 2454 (Nt.
1014 2418 1092 2455 441).

1238 2467 1295 2496 15*
