1653 2689
680 0 1653 29 2„—

741 161 787 168 —-
835 143 906 178 224
954 161 999 168 —
1592 155 1597 158 ·

566 265 634 297 434.
666 265 704 295 In
725 263 991 296 nestri-rectione
1011 263 1162 297 Domini·

627 347 642 378 1
671 344 741 376 Deo
766 343 976 385 confitemini,

715 391 773 431 Qui
798 400 856 423 sua
881 391 1051 424 clementia

668 439 802 471 Carmen
828 448 884 471 suo
909 439 1029 472 numini

717 486 826 518 lunxit
850 487 882 518 in
909 487 1024 525 Maria,

626 537 644 566 5
671 535 716 567 Ut
742 533 893 566 Abrahae
919 534 1032 566 semini

719 581 883 614 Promissa.
905 580 1005 614 ferret
1031 581 1159 614 auxilia.

669 629 709 660 Se
736 628 936 660 conformans
963 629 1081 662 homini

669 676 722 707 Sic
747 676 923 708 subiectum
950 677 1086 715 crimini,

714 724 886 755 Seductum
912 724 1011 756 hostis
1038 724 1160 755 malitia

614 772 655 803 10
718 771 867 803 Redemit
892 776 994 803 morte
1019 772 1084 811 pia.

288 836 423 862 Cantion.
452 845 502 862 ms.
534 835 614 862 Petri
640 835 675 862 de
696 837 821 863 Medicis
843 836 1010 871 (Gallicum)
1037 845 1112 863 saec.
1141 833 1184 862 13.
1206 835 1276 863 Cod.
1319 836 1459 863 Laurent.
1480 835 1526 862 Pl.

210 871 254 900 29.
279 872 301 900 l.
324 875 357 900 A.
390 888 424 892 —
455 874 590 901 cantion.
618 883 670 901 ms.
697 875 872 902 Toletanum
900 883 975 902 saec.
1008 871 1050 902 13.
1073 874 1142 902 cod.
1182 874 1332 900 Matriteu.
1353 873 1446 900 Tolet.
1469 871 1527 900 930

209 909 350 943 (::3-23).
374 913 406 938 B.
433 925 469 929 -⁴
491 913 625 939 Cantion⁴
654 922 704 938 mS.
727 912 873 940 Gallicum
901 921 976 940 saec.
1006 910 1048 939 13.
1071 913 1141 939 Cod.
1182 911 1439 946 Guelfenbyteran.
1469 909 1526 939 677

208 950 314 980 (Helm.
338 948 411 983 6⁴28).
428 950 458 976 C.
489 967 518 970 —
534 950 659 982 Flaeius‚
681 951 730 977 Nr.
754 950 874 978 XXXV.
890 951 924 978 D.
948 966 979 969 —
1004 950 1022 977 3
1043 950 1156 977 nomini
1172 951 1202 977 B.
1221 949 1238 976 7
1255 951 1305 977 Set
1320 950 1352 976 B.
1367 963 1404 968 -ι-
1419 949 1525 976 Wahr-

209 987 369 1015 scheinlich
414 988 527 1023 Tropus
573 997 637 1015 zum
689 988 996 1016 Gradual-Versikel:
1042 988 1303 1019 „confitemini
1348 988 1525 1019 Domino,

210 1027 380 1061 quoniam
401 1027 533 1059 bonus!
561 1027 736 1062 quoniam
764 1029 800 1054 in
821 1027 1010 1054 saeculum
1032 1026 1294 1054 misericordia
1315 1023 1423 1052 eius“.
1464 1026 1526 1053 Der

208 1064 313 1091 Zusatz
337 1064 524 1098 .,D0mino“
548 1072 594 1090 am
616 1064 752 1092 §chlusse
778 1065 819 1095 (in
840 1066 876 1098 A)
900 1066 983 1092 weist
1008 1068 1094 1092 unter
1119 1064 1255 1092 auderem
1282 1063 1389 1090 darauf
1406 1063 1466 1090 hin.
1487 1078 1525 1083 -—

209 1103 267 1128 Der
289 1103 370 1128 Reim
396 1102 447 1129 auf
467 1102 556 1135 .,i11i*‘
580 1103 657 1138 passt
678 1112 713 1130 zu
734 1103 944 1136 confitemini,
969 1104 1054 1138 jener
1075 1103 1127 1129 auf
1147 1102 1217 1136 „ia“
1240 1111 1276 1129 zu
1297 1101 1522 1130 misericordia.

566 1215 634 1245 435.
667 1215 705 1243 In
726 1215 992 1245 Resurrectione
1014 1215 1162 1245 Domini.

624 1296 638 1327 1
670 1293 795 1325 Laudes
822 1293 952 1330 referat,

713 1341 789 1373 Puri
814 1342 920 1373 cordis
947 1341 1138 1373 sacrificium

668 1389 736 1420 Iam
763 1388 885 1426 offerat,

665 1436 762 1474 Quem
788 1435 887 1468 hostis
914 1437 1096 1469 seduxerat.

620 1487 638 1517 5
669 1484 777 1523 Ipsum
805 1484 887 1514 enim
914 1484 1031 1516 liberat

713 1531 775 1563 Per
801 1531 898 1563 filium

664 1577 771 1617 Pater.¹
799 1583 833 1609 ut
859 1579 1060 1618 promiserat,

664 1626 717 1663 Et,
743 1635 836 1666 quem
862 1627 945 1658 iuste
970 1627 1100 1658 miserat

715 1675 750 1705 ln
777 1674 934 1716 exsilium,

597 1722 638 1754 10
667 1721 721 1752 Pie
748 1720 858 1762 refert,
885 1731 946 1762 quo
975 1723 1085 1762 pulsus
1112 1725 1191 1762 erat,

712 1769 868 1801 Domino.

287 1835 421 1861 Cantion.
443 1842 494 1859 me.
516 1835 595 1860 Petri
615 1834 650 1861 de
671 1834 795 1861 Medicis
815 1835 982 1869 (Gallicum)
1002 1844 1077 1862 saec.
1101 1833 1144 1863 13.
1170 1835 1239 1862 cod.
1267 1834 1459 1864 Laurentian.
1481 1837 1522 1864 Pl.

209 1871 303 1900 29.1.
334 1872 367 1898 A.
400 1885 436 1890 -
468 1872 553 1899 Cant.
586 1881 639 1900 ms.
673 1872 847 1900 Toletanum
879 1882 955 1901 saec.
988 1873 1031 1901 13,
1062 1874 1133 1901 Cod.
1163 1874 1313 1901 Mati-itan.
1340 1875 1436 1902 Tolet.
1467 1873 1525 1904 930

208 1908 350 1944 (ΡΒ-23).
381 1912 412 1938 Β.
442 1924 478 1928 -
507 1911 640 1938 Cantion.
669 1920 721 1937 ms.
743 1912 888 1939 Gallicum
917 1920 992 1939 saec.
1023 1909 1065 1939 13.
1088 1912 1157 1939 Cod.
1179 1912 1437 1947 Guelfenbyteran.
1459 1912 1524 1942 677.

207 1948 316 1982 (Helm.
338 1947 412 1981 628).
433 1948 465 1976 (¹.
487 1963 522 1967 -
546 1949 672 1981 Dacius,
695 1950 745 1976 Nr.
768 1950 845 1977 XLI.
867 1951 903 1977 D.
926 1965 963 1968 —
987 1950 999 1977 1
1024 1951 1130 1978 referas
1152 1951 1184 1978 B.
1205 1965 1243 1968 —
1263 1948 1281 1977 2
1295 1950 1334 1977 Et
1354 1953 1420 1987 puri
1434 1952 1471 1978 D.
1487 1967 1524 1972 —

210 1987 226 2014 :3
249 1997 310 2023 sqq.
334 1989 363 2014 in
385 1988 408 2014 B
430 1990 560 2014 zerstizrt.
583 2002 617 2006 ——
640 1987 656 2014 5
678 1989 755 2014 enim
776 1988 847 2015 fehlt
869 1990 903 2016 D.
925 2004 961 2008 —
984 1988 1019 2016 10
1041 1989 1127 2016 refert
1149 1989 1226 2023 unde
1248 1988 1349 2023 pulsus
1371 1991 1407 2017 D.
1427 2004 1465 2008 —
1488 1989 1521 2017 11

210 2026 283 2053 fehlt
304 2026 335 2052 C.
356 2041 394 2045 —
414 2025 448 2053 In
470 2026 492 2051 B
516 2035 542 2052 u.
565 2026 587 2052 C
608 2027 646 2052 ist
669 2025 765 2053 dieser
785 2027 899 2060 Tropus
921 2035 958 2054 an
982 2029 1070 2061 „Deo
1093 2025 1351 2055 confitemini“
1375 2029 1524 2055 unmittel-

211 2065 263 2091 bar
290 2063 439 2099 angefiigt.
480 2064 583 2091 Dieser
611 2064 754 2091 Umstand
783 2065 841 2091 und
869 2066 920 2092 das
949 2065 1140 2093 Schlusswort
1163 2063 1325 2101 ⁷,Domino“
1354 2066 1452 2093 lassen
1480 2075 1524 2094 er-

211 2106 302 2135 raten,
325 2102 367 2128 als
389 2109 448 2128 was
470 2101 565 2128 dieses
586 2102 659 2129 Lied
681 2103 923 2131 wahrscheinlich
945 2105 1133 2132 einzureihen
1155 2105 1201 2131 ist.

564 2213 632 2244 4:36.
664 2214 702 2244 In
724 2215 989 2247 Resurrectione
1011 2217 1159 2250 Domini.

548 2294 577 2327 1.
606 2295 673 2326 Iam
699 2296 833 2328 redeunt
858 2296 984 2339 gaudia,

607 2342 703 2374 Festa
728 2343 835 2375 lucent
860 2345 947 2376 clara

608 2391 673 2422 Iam
700 2392 790 2424 nobis
816 2393 999 2432 paschalia3

606 2438 729 2471 Inferni
756 2440 841 2480 rapit
865 2440 968 2481 spolia
