1653 2689
78 194 90 209 ’“
169 212 267 255 παρῆ
289 211 411 308 simul}

713 120 955 156 -13-

496 215 564 248 Nos
590 225 709 260 sumus,
741 227 820 258 quos
846 219 990 260 cernitis,
1016 228 1109 260 reges
1133 220 1266 253 Tharsis
1292 224 1325 253 et
1348 221 1493 254 Arabum

545 268 578 296 et
603 264 689 298 Saba
715 265 800 298 dona
824 265 966 299 ferentes
989 267 1118 300 Christo
1144 269 1222 308 regi.
1250 272 1325 302 nato
1344 269 1492 309 Domino,

195 261 393 302 respondent

544 313 601 353 qui
626 313 722 346 stella
748 314 928 347 deducente
952 316 1098 348 venimus
1123 316 1272 350 adorare.

167 355 376 390 obstetrices:
494 359 590 398 Ecce,
618 371 699 402 puer
723 362 827 403 adest,
853 371 945 403 quem
971 364 1146 406 quaeritis3
1172 365 1235 396 iam
1261 369 1445 406 properate,

543 409 617 448 quia
642 409 712 449 ipse
738 415 788 442 est
812 411 993 451 redemptio
1021 415 1137 445 vestra.

168 452 268 494 Magn·
290 453 410 487 simul:
496 455 603 496 Salve,
631 466 688 490 rex
714 459 925 493 saeculorum.

166 500 261 534 Dicit
277 501 432 542 primus:
497 502 632 544 Suscipe
657 514 742 537 nunc
766 515 897 546 aurum;

166 548 260 582 Dicit
282 550 464 582 secwndus:
491 551 584 584 Tolle
609 556 672 594 tus,
698 557 733 585 tu
759 562 853 586 verus
882 554 987 594 Deus;

165 596 259 630 Dicit
281 598 415 630 tertius:
492 599 651 642 Murram,
678 601 802 642 signum
828 603 1024 642 sepulturae.

164 644 311 686 Anyebus
335 642 427 738 εει-1,
496 648 636 688 Impleta
673 655 746 680 sunt
784 651 908 690 omnia,
947 659 1029 691 quae
1062 651 1249 691 prophetice
1285 651 1371 684 dicta
1403 656 1487 686 suut.

200 692 287 726 celsa
312 703 388 727 voce
420 696 427 703 ·
496 695 564 735 Ite,
592 696 675 728 viam
702 702 881 730 remeantes
906 699 1013 739 aliam,
1040 708 1079 730 ne
1107 699 1266 731 delatores
1292 700 1374 731 tanti
1401 701 1485 740 regis

540 745 695 784 puniendi
723 741 890 789 [fu]eritiS.

164 789 283 831 Maqi:
495 791 564 823 Deo
591 793 723 833 gratias,

567 859 614 891 Te
638 859 748 891 Deum
776 857 966 903 [laudamus
992 859 1082 905 etc.].

241 940 280 969 So
302 943 341 969 im
363 943 452 978 Trop.
474 952 528 971 mS.
543 944 728 972 Nivernense
749 953 825 979 saec.
849 944 892 972 12.
925 946 994 973 Cod.
1010 947 1136 973 Parisin.
1152 948 1247 974 Nouv.
1268 955 1331 982 acq.
1355 945 1438 974 1235.
1452 962 1488 965 -—

162 979 260 1007 Bevor
280 980 328 1008 die
354 981 571 1016 „Obstetrices“
595 992 659 1010 zum
683 987 780 1010 ersten
794 984 873 1011 Male
895 984 1003 1012 redeud
1025 985 1192 1020 eingeflihrt
1212 985 1337 1015 werden,
1359 985 1437 1012 steht
1458 987 1489 1012 in

163 1018 214 1045 der
236 1018 434 1046 Handsehrift
461 1021 537 1047 nach
565 1021 621 1048 den
643 1022 769 1049 Worten
797 1022 848 1049 der
868 1023 965 1059 Magi:
998 1024 1091 1058 „Ecce
1113 1024 1200 1050 stella
1222 1024 1251 1050 in
1274 1020 1411 1050 Oriente“
1435 1027 1488 1051 etc.

163 1056 300 1092 folgende
320 1058 452 1086 Rubrik:

162 1112 285 1143 Aliter.
418 1115 513 1143 Stella
534 1116 648 1152 fulgore
669 1118 792 1143 nimium
814 1117 926 1149 rutilat,
949 1125 1054 1152 ”laqus
1076 1116 1149 1144 <licit
1166 1117 1296 1153 primus,

161 1150 207 1180 Et
226 1151 398 1181 secundus:
416 1155 499 1188 Quae
521 1163 620 1190 regem
641 1164 742 1190 regum
759 1159 861 1182 uatum
882 1159 1035 1186 monstrat,

163 1188 300 1219 Tertius:
413 1193 506 1226 Quem
528 1197 684 1220 venturum
706 1194 776 1220 olim
799 1194 972 1229 prophetiae
993 1196 1192 1233 signaverant.

163 1227 252 1265 Mayi
272 1229 378 1258 simul:
412 1231 526 1258 Eamus
548 1240 617 1268 ergo
640 1236 668 1259 et
690 1233 874 1266 inquiramus
895 1242 961 1260 eum
984 1232 1138 1260 offerentes
1160 1234 1188 1260 ei
1209 1242 1346 1261 munera:
1376 1244 1489 1266 aurum,

472 1273 519 1296 tus
541 1276 571 1296 et
591 1279 728 1297 murram.

164 1303 318 1334 antius:
417 1308 474 1341 En,
496 1310 575 1344 magi
596 1310 721 1336 veniunt

413 1347 454 1374 Et
476 1356 574 1383 regem
596 1357 697 1383 regum
718 1351 821 1374 natum
843 1348 930 1374 stella
951 1348 1023 1374 duce
1045 1349 1207 1383 requirunt.

163 1380 246 1411 Reae:
412 1386 489 1412 Ante
510 1387 612 1413 venire
634 1387 711 1417 iube,
734 1395 791 1421 quo
814 1387 925 1422 possim
947 1386 1065 1422 singula
1086 1387 1170 1418 scire,

413 1425 471 1458 Qui
494 1425 562 1456 sint,
584 1433 636 1451 cur
657 1425 788 1455 veniant,
810 1434 868 1460 quo
890 1434 944 1451 nos
966 1434 1081 1451 rumore
1103 1426 1263 1460 requirant.

163 1458 322 1489 antius:
415 1463 510 1499 Regia
531 1471 584 1489 vos
606 1460 759 1498 [mandata
779 1467 895 1494 vocant,
916 1472 976 1490 non
998 1464 1128 1498 segniter
1149 1461 1210 1496 itel.

162 1497 271 1536 Mayi:
414 1501 501 1528 Nunc
521 1501 688 1528 venerande
711 1499 790 1537 [tene
812 1505 968 1537 sceptrum,
991 1510 1042 1528 rex
1062 1499 1238 1536 imperiale}

161 1535 244 1566 Rex:
408 1540 533 1575 Regem,
570 1549 657 1575 quem
688 1541 850 1576 quaeritis,
884 1544 986 1567 natum
1017 1540 1097 1571 (nato
1127 1540 1198 1572 Hs.)
1228 1549 1292 1567 esse
1319 1549 1376 1575 quo
1406 1541 1488 1575 signo

453 1575 623 1605 didicistis?

161 1613 263 1652 Mayi:
409 1617 498 1644 Illum
520 1621 621 1643 natum
645 1626 709 1644 esse
730 1617 888 1644 didicimus
910 1618 941 1643 in
962 1616 1083 1643 Oriente
1105 1617 1192 1644 stella
1213 1620 1404 1645 monstrante.

161 1651 243 1682 Rex:
406 1656 438 1683 Si
459 1655 544 1682 illum
566 1664 689 1691 regnare
710 1655 840 1687 creditis,
863 1656 952 1682 dicite
974 1656 1070 1682 nobis.

160 1690 242 1720 Reae:
407 1695 483 1727 Huc,
506 1695 647 1721 semistae
669 1696 735 1727 mei,
758 1714 879 1721 .....

159 1729 243 1759 Recc:
407 1733 452 1760 lte
483 1736 512 1760 et
542 1733 576 1759 de
605 1742 696 1768 puero
725 1733 883 1768 diligenter
912 1734 1088 1768 investigate
1111 1737 1139 1759 et
1160 1734 1312 1760 inventum
1335 1732 1488 1759 redeuntes

452 1771 524 1798 mihi
546 1773 724 1798 renuntiate.

159 1806 265 1845 M'agji:
409 1810 508 1843 Eece,
535 1810 623 1837 stella
644 1811 675 1836 in
696 1810 818 1836 Oriente
841 1810 979 1845 praevisa
1001 1811 1107 1836 iteruin
1129 1811 1284 1845 praevenit
1307 1819 1360 1836 nos
1381 1809 1489 1836 lucida.

161 1844 358 1876 Obstetrices:
407 1849 466 1882 Qui
487 1852 556 1876 sunt
577 1849 608 1875 hi
629 1852 683 1875 ete.
706 1850 761 1876 wie
783 1849 866 1875 oben.

237 1907 299 1934 Aus
327 1906 439 1934 diesem
460 1906 684 1938 EinschiebseL
714 1907 745 1932 in
771 1906 836 1933 dem
866 1905 996 1933 mehrere
1018 1905 1118 1933 Reden
1147 1906 1206 1933 und
1227 1905 1418 1941 Gegenreden
1439 1905 1489 1932 der

159 1947 291 1973 ersteren
312 1946 448 1982 Fassung
475 1945 538 1972 sich
568 1945 785 1977 wiederholen,
812 1943 919 1972 liessen
943 1945 1005 1971 sich
1022 1945 1090 1980 jene
1113 1946 1214 1977 Siitze,
1243 1954 1301 1971 von
1322 1944 1415 1971 denen
1437 1944 1488 1970 das

160 1986 236 2011 erste
262 1984 324 2011 Mal
352 1993 408 2011 nui·
434 1984 482 2012 die
508 1985 735 2020 Anfangsworte
763 1984 913 2011 vermerkt
940 1993 1054 2015 waren,
1082 1985 1136 2010 mit
1164 1983 1329 2010 Sicherheit
1363 1983 1488 2009 vervoll-

159 2023 326 2059 stfindigen.
358 2023 500 2050 Dadumh
517 2024 556 2050 ist
571 2023 646 2050 auch
663 2023 711 2049 (lie
722 2023 817 2059 Klage
829 2021 984 2058 WVagner's
995 2023 1194 2057 [Eint'iihrung
1209 2024 1239 2048 in
1254 2022 1301 2048 die
1312 2023 1487 2057 Gregorian.

157 2062 322 2096 Melodien,
350 2062 372 2089 1.
395 2062 554 2098 Freiburg,
586 2060 675 2094 1901;
703 2071 730 2097 p.
752 2059 824 2094 297,
847 2062 1062 2096 Anmerkung):
1091 2061 1250 2096 „Leider
1278 2061 1343 2087 sind
1367 2060 1488 2087 manche

156 2100 278 2128 Partien
301 2110 357 2128 nur
378 2102 432 2128 mit
451 2101 508 2129 den
530 2103 628 2128 ersten
643 2101 767 2127 Worten
789 2100 982 2136 angedeutet“
1007 2100 1050 2126 als
1069 2100 1313 2136 gegenstandslos
1336 2100 1489 2126 erwiesen.

235 2140 302 2167 wir
327 2140 425 2168 haben
446 2140 509 2167 also
529 2141 602 2167 zwei
624 2139 797 2175 Fassungen
819 2139 869 2166 des
891 2139 1027 2175 gleicheu
1051 2139 1257 2173 Mysteriums3
1286 2139 1332 2165 die
1354 2139 1419 2165 eine
1441 2138 1488 2164 be-

155 2179 242 2215 ginnt
261 2180 330 2206 mit:
354 2176 535 2213 „Credimus
555 2176 752 2205 immensmn“
776 2178 820 2205 als
836 2178 915 2205 Rede
937 2178 1010 2204 aller
1031 2177 1093 2204 drei
1108 2178 1231 2213 Magier‚
1254 2177 1363 2204 welche
1386 2178 1415 2203 in
1439 2176 1489 2202 der

156 2217 354 2246 Handschrist
374 2219 429 2245 mit
448 2217 501 2245 der
521 2217 699 2245 metrischen
721 2217 836 2244 Rubrik
859 2217 1030 2252 eingeleitet
1051 2216 1138 2243 wird:

329 2271 380 2300 Sic
401 2272 530 2307 speciem
550 2273 665 2298 veteres
687 2270 792 2297 stellae
814 2273 947 2296 struxere
969 2273 1115 2304 parentes,

330 2311 480 2345 Quatinus
500 2309 555 2337 hos
575 2309 643 2344 (hoc
664 2309 731 2342 Hs.)
750 2310 834 2345 pueri
856 2317 959 2335 versus
982 2308 1113 2344 psallant
1133 2308 1190 2335 duo
1215 2310 1292 2344 regi;

155 2363 202 2392 die
217 2363 326 2392 andere
341 2365 396 2391 mit
409 2363 461 2392 der
475 2363 561 2391 Rolle
576 2362 627 2389 des
639 2366 737 2390 ersten
750 2363 895 2398 Magiers:
914 2359 1023 2396 „Stella
1035 2359 1152 2396 fulqore
1166 2359 1292 2387 πιήιιίιηι
1304 2359 1438 2387 ¹rutilat*-
1451 2374 1487 2377 —

153 2402 358 2440 Eingetragen
391 2404 432 2430 ist
465 2402 562 2430 dieses
594 2400 688 2428 Stiick
719 2402 751 2428 in
786 2401 837 2428 der
867 2400 1064 2428 Handschrit't
1099 2400 1173 2427 nach
1207 2400 1272 2427 dem
1303 2400 1418 2434 Tropus
1450 2398 1486 2425 ad

152 2441 406 2471 communionem.
430 2458 466 2462 —-
486 2441 555 2479 Vgl.
577 2439 720 2473 clement,
743 2440 820 2467 Hist.
842 2448 909 2475 gen.
930 2439 966 2466 de
987 2439 1017 2466 la
1038 2439 1114 2466 Mus.
1136 2439 1197 2471 rel„
1219 2448 1245 2475 p.
1271 2437 1323 2465 115
1346 2447 1408 2473 sqq.
