1653 2689
716 107 952 142 -60-

254 203 425 232 Wiederum
445 204 491 231 die
511 203 647 240 gleiehen
669 202 793 237 Queilen
813 201 868 228 wie
887 200 933 228 fiir
945 199 997 227 Νι·-
1021 196 1084 231 102,
1105 205 1335 234 ausgenommen
1349 196 1379 224 H
1391 193 1494 239 (Trop.

179 241 410 277 Moissiacense)‚
429 243 524 270 worin
543 242 594 270 der
607 242 722 277 Tropus
741 239 829 272 fehln
851 240 882 265 in
897 238 921 265 Α
935 237 1026 265 findet
1039 244 1071 264 er
1085 235 1148 264 sich
1161 234 1305 267 zweimfl,
1325 234 1378 262 das
1391 235 1494 260 zwe1te

178 280 238 307 Mal
252 278 287 313 (A
295 278 318 314 ²³)
337 280 380 308 als
395 280 534 308 Additum
557 288 632 307 saec.
657 278 699 306 11.
721 293 757 298 -
780 277 805 309 1,
826 276 844 304 2
860 277 994 303 meruisti
1008 272 1114 303 A²FG.
1135 287 1172 293 —
1193 271 1212 300 2
1225 275 1391 300 manentem
1405 272 1438 299 Β.
1453 284 1492 289 -

178 316 195 345 3
218 318 319 346 iubeat
339 327 416 346 nunc
429 316 483 350 ΑΞ,
506 318 587 346 iubet
607 320 635 345 et
655 326 732 344 nunc
746 317 817 348 BD;
839 318 870 342 at
890 322 943 341 nos
957 313 992 341 G.
1014 327 1051 332 —
1072 310 1091 339 4
1104 313 1189 340 unita
1201 319 1274 339 voce
1288 310 1377 338 A-c
1390 308 1495 341 E-G,

177 357 268 384 unica
289 365 362 384 voce
383 357 427 390 D;
450 357 607 384 decantant
627 355 661 382 G.

538 462 606 492 105.
638 461 675 491 In
696 459 961 491 Resurrectione
981 457 1131 488 Domini.

747 510 859 536 Faria
885 509 925 536 11.

267 580 295 612 1.
326 579 480 612 Conditor
505 577 670 618 almificus,
698 577 846 608 clementi
871 576 940 607 iure
966 573 1082 612 fidelis,

368 626 539 666 Complens
566 625 762 665 veriloquum
790 623 914 656 actibus
941 622 1110 662 eloquium,

436 669 616 698 luti-oduarii
636 678 688 698 'vos
710 670 740 697 in
764 671 873 697 terram.
894 668 1032 704 {luentem
1054 667 1099 697 lac
1120 669 1147 695 et
1167 666 1233 702 mel,

265 715 295 745 2.
324 712 399 744 Plus
426 711 520 743 solito
546 719 696 750 superum
724 709 860 749 cupiatis
885 712 920 740 ut
946 709 1059 740 aethra
1084 708 1231 748 polorum

368 759 539 799 Scandere,
567 758 662 797 legali
689 758 837 797 dogmate
864 757 1058 798 commoniti,

433 806 459 831 et
479 806 511 831 ut
531 803 578 831 lex
600 803 728 831 Domini
749 810 862 838 semper
881 805 907 830 et
928 802 960 830 in
981 809 1030 830 ore
1049 803 1154 831 vestro.

252 873 337 908 Trop.
366 881 418 899 ms,
446 872 650 899 wintoniense
677 879 752 898 saec.
782 868 826 897 10.
854 879 897 897 ex.
939 870 1009 897 cod.
1036 870 1180 897 Oxonien.
1201 868 1284 896 Bodl.
1313 866 1376 895 775.
1397 867 1432 895 A.
1453 882 1492 887 —

176 912 263 946 Trop.
290 920 342 937 ms.
371 910 576 937 Wintoniense
605 918 679 936 saec.
708 908 751 936 11.
794 909 864 937 Cod.
893 908 1003 944 Colleg.
1031 908 1117 943 Corp.
1139 907 1249 935 Christi
1270 907 1491 943 cantabrigien.

175 948 239 976 473.
255 950 288 976 Β.
310 964 347 967 ψ-
366 949 454 983 Trop.
477 958 528 975 ms.
544 946 1022 980 Glastoniense(¹.)Cantuariense)
1041 955 1116 973 saec.
1141 944 1184 973 11.
1205 955 1249 973 ex.
1269 945 1311 979 (et
1332 943 1388 978 12.)
1419 944 1491 973 eod.

177 988 339 1015 Londinen.
362 987 456 1022 Calig.
477 986 501 1014 A
523 987 600 1014 XIV.
624 986 654 1013 C.

539 1094 603 1123 106.
636 1094 672 1123 In
694 1093 961 1124 Resurrectione
983 1092 1132 1123 Domini.

736 1144 848 1170 Feria
876 1143 929 1169 111.

309 1213 339 1245 1.
368 1213 434 1243 Iam
460 1212 557 1243 rudes
582 1211 718 1251 populos
744 1210 875 1242 caelesti
900 1219 983 1251 pane
1009 1210 1147 1243 refertos

403 1256 494 1293 Aqua
517 1256 685 1291 sapientiae
703 1257 820 1293 potavit
843 1263 892 1284 eos

309 1299 340 1331 2.
369 1297 525 1337 Christus,
553 1298 585 1328 in
612 1297 660 1328 his
686 1296 827 1336 gaudens
853 1297 944 1328 sedet
970 1300 1198 1336 aeternumque
1224 1295 1361 1335 sedebit,

403 1342 574 1378 firmabitur
597 1341 626 1369 m
651 1341 711 1370 illis
733 1345 757 1370 et
778 1350 840 1369 mm
861 1341 1002 1378 flectetur,

307 1385 339 1416 3.
367 1383 504 1417 Sedibus
530 1383 695 1422 astrigeris
721 1386 839 1414 statuet
867 1383 906 1413 de
931 1391 1061 1414 munere
1087 1391 1210 1414 summo

404 1431 430 1456 et
450 1427 594 1457 eafaliabz't
616 1436 664 1455 eos
687 1428 719 1456 in
739 1431 901 1457 «eternum,

251 1497 339 1532 Trop.
367 1505 419 1523 ms,
447 1496 638 1523 Martialense
663 1505 738 1523 saec.
767 1494 810 1523 10.
852 1496 922 1524 Cod.
943 1496 1071 1523 Parisin.
1102 1493 1184 1524 1084.
1206 1496 1240 1522 A.
1263 1511 1298 1515 —
1319 1495 1406 1530 Trop.
1436 1503 1488 1522 ms.

173 1534 364 1562 Martialense
392 1543 468 1561 saec.
498 1533 541 1560 11.
570 1535 608 1561 iu.
651 1534 720 1561 cod.
742 1535 868 1561 Parisiu.
899 1533 980 1561 1121.
1003 1536 1035 1562 B.
1055 1550 1091 1554 —
1112 1535 1201 1570 Trop.
1223 1542 1276 1561 ms.
1296 1534 1489 1561 Martialense
1513 1537 1517 1539 “

174 1581 249 1600 saec.
274 1572 316 1599 11.
351 1573 421 1600 cod.
446 1572 572 1600 Parisin.
597 1571 660 1600 909.
684 1573 714 1600 C.
737 1587 771 1592 —
793 1573 880 1608 Trop.
906 1582 958 1600 ms·
980 1573 1009 1600 S.
1031 1573 1153 1600 Martini
1168 1573 1390 1600 Lemovicensis
1411 1580 1488 1598 saec.

179 1609 221 1638 ll.
251 1612 289 1638 in.
339 1610 408 1637 cod.
434 1611 560 1638 Parisin.
593 1609 672 1638 1120.
701 1611 736 1638 D.
765 1626 802 1630 —
829 1611 915 1646 Trop.
944 1620 995 1638 ms.
1024 1612 1053 1638 S.
1080 1612 1245 1644 Martiniffl)
1272 1610 1492 1638 Lemovicensis

174 1657 249 1677 saec·
277 1647 321 1676 11.
362 1649 433 1676 Cod.
460 1649 586 1675 Pax-isin.
614 1646 678 1676 887.
707 1649 742 1676 E.
771 1664 804 1667 —
832 1649 920 1684 Trop.
947 1659 1000 1677 ms.
1029 1650 1058 1678 S.
1086 1650 1244 1685 Augustini
1266 1650 1489 1677 Lemovieensis

173 1696 248 1715 saeu-
279 1686 321 1714 11.
364 1687 433 1714 Cod.
455 1687 581 1714 Parisin.
606 1686 687 1714 1119.
708 1687 739 1714 F.
762 1702 796 1706 -
818 1688 905 1723 Trop.
927 1697 979 1714 ms.
1000 1689 1213 1715 Moissiacense
1233 1695 1309 1715 saec.
1333 1686 1376 1715 11.
1418 1685 1488 1714 Cod.

173 1726 298 1753 Parisin.
322 1726 415 1752 Nouv.
437 1734 500 1761 aeq.
526 1724 606 1752 1871.
630 1725 663 1753 G.
686 1740 722 1744 —
746 1724 757 1752 1
782 1727 901 1761 Iamque
922 1727 957 1754 G.
978 1741 1015 1745 —
1036 1724 1054 1753 3
1075 1735 1194 1754 munere
1217 1734 1320 1754 somno
1341 1727 1376 1754 A.

528 1839 596 1869 107.
628 1839 665 1869 In
688 1840 952 1869 Resurrectione
972 1839 1120 1871 Domini.

734 1890 846 1917 Feria
873 1890 927 1917 ΙΙΙ.

326 1957 354 1990 1.
383 1955 576 1996 Expurgans
604 1956 738 1996 populos
765 1955 918 1988 Dominus
945 1956 1138 1997 baptismate
1164 1958 1281 1990 tinctos

440 2001 533 2036 Aqua
554 2000 723 2036 sapientiae
740 2001 860 2036 potavit
881 2010 940 2037 eos,

326 2043 358 2074 2.
385 2042 529 2081 Quosque
555 2050 630 2073 suae
657 2042 752 2073 sortis
778 2043 880 2074 socios
907 2043 968 2074 sibi
995 2043 1127 2075 cesserit
1153 2051 1234 2083 esse,

440 2086 614 2123 firmabitur
636 2087 667 2115 in
688 2087 748 2115 illis
770 2089 795 2116 et
816 2095 877 2115 ‘non
903 2088 1043 2124 flectetur,

326 2129 360 2160 3.
387 2128 437 2160 Ac
461 2130 581 2159 statuet
606 2128 691 2159 celsa
715 2136 823 2160 secum
847 2129 989 2160 residere
1014 2129 1170 2163 cathedra

439 2175 466 2201 et
485 2173 630 2202 exaltabit
651 2180 699 2201 eos
720 2172 753 2201 in
775 2177 929 2202 aeternum

325 2216 356 2246 4.
384 2213 563 2245 Psallentes
588 2214 749 2253 placidum
777 2214 872 2246 claris
899 2223 967 2246 cum
996 2215 1126 2248 vocibus
1153 2216 1322 2256 hymnum:

438 2258 580 2292 Alleluia,
601 2258 746 2288 Alleluia.

248 2327 304 2355 Die
326 2327 450 2362 Quellen
474 2327 540 2355 sind
561 2327 608 2355 die
628 2328 763 2363 gleichen
783 2330 840 2357 wie
860 2329 907 2356 bei
928 2329 978 2356 der
999 2329 1259 2367 vorhergehenden
1279 2331 1429 2359 Nummer.
1454 2348 1489 2352 —

172 2366 184 2394 l
213 2366 389 2402 Expurgans
417 2366 562 2394 Dominus
590 2367 713 2402 populos
740 2366 774 2394 E.
796 2381 834 2385 —
857 2365 874 2394 2
895 2368 1026 2404 Quisque
1046 2369 1086 2403 G;
1115 2370 1196 2397 socio
1217 2370 1254 2402 F,
1283 2369 1376 2397 sotios
1397 2370 1429 2398 C.
1453 2386 1489 2389 —

169 2404 188 2433 3
208 2407 313 2433 statuit
332 2405 367 2437 A,
388 2404 523 2440 statuam
542 2405 579 2432 D.
