1653 2689
182 212 293 262 «ἕν»
327 239 330 245 ,
352 199 413 248 ζ’-”
447 245 453 251 ,
504 223 505 226 ¹
527 207 599 240 442.
628 208 669 240 In
688 206 955 240 Reum-rectione
976 205 1126 238 Domini.

207 279 233 314 ‘1
252 278 418 312 ‘Exsilium
949 276 1033 309 Dum
1050 286 1137 309 mors
1153 277 1187 308 in
1200 278 1300 309 vitam
1314 279 1485 319 germinat,

309 327 408 360 Parat
432 326 655 369 transgressio,
881 325 923 358 15
999 326 1090 358 Mors
1116 326 1226 357 mortis
1253 323 1374 365 frangit
1392 326 1482 365 iura3

259 373 432 416 Refugium
949 372 1088 414 Gregem
1113 378 1203 405 sanat
1230 373 1412 406 morbidum

307 421 373 454 Dat
398 421 522 456 Christi
547 421 664 462 passio.
1000 422 1058 453 Pia
1084 422 1224 462 pastoris
1249 430 1336 461 cura,

210 471 230 502 5
258 469 383 502 Munda
406 469 542 502 mundat
564 477 624 501 nos
648 469 755 501 hostia
949 468 1073 501 Statum
1100 473 1201 501 mutat
1228 469 1415 510 languidum

258 517 352 554 Vitae
378 518 524 557 pandens
550 517 644 550 ostia.
999 518 1132 550 Natura.

257 565 401 599 Exitium
877 566 923 597 20
950 565 1039 598 Evae
1062 570 1198 607 gustum,
1225 575 1317 605 quem
1340 564 1483 598 foedavit

306 613 397 646 Parit
422 613 586 653 superbia,
998 614 1091 645 Virus
1118 614 1285 651 hosticum,

306 661 410 694 Venia
951 660 1086 702 Sanguis
1113 662 1185 701 agni
1210 663 1301 694 lavit.

188 709 232 742 10
259 709 324 742 Dat
350 709 544 750 remedium;
1000 709 1085 741 Pluit
1111 718 1227 742 manna
1253 710 1416 743 caelicum.

261 757 384 797 eulpae
404 757 512 798 iugum
530 758 633 797 patris
651 757 797 789 eliminat
949 756 1076 789 Mentes
1102 763 1213 798 pascat
1238 758 1345 789 azima

311 805 434 838 Gratia.
881 806 924 837 25
954 804 1020 836 Nos
1047 805 1175 837 salvans
1201 806 1339 837 victima.

261 853 400 886 Mortem
426 862 514 885 mors
539 852 742 892 exterminat,

242 928 370 956 cantion
390 937 444 956 ms.
466 928 545 955 Petri
566 927 602 954 de
622 927 745 955 Medicis
764 927 933 960 (Gallicum)
953 936 1028 955 saec.
1055 926 1097 955 13.
1133 929 1203 956 cod.
1225 930 1415 957 Laurentian.
1438 929 1480 956 Pl.

165 964 212 994 29.
236 965 262 995 1.
283 981 321 985 -
351 963 386 993 12
405 967 535 994 Gratiae.
557 980 595 984 —
614 966 668 993 Am
691 966 844 993 schiusse:
875 967 932 998 „In
959 967 1103 1002 azymis
1125 965 1423 1003 sincerita[tis].“
1446 982 1482 985 —

164 1004 305 1033 Offenbar
325 1005 441 1040 Tropus
469 1013 536 1031 zum
556 1004 666 1031 Versus
687 1003 909 1032 Alleluiaticus:
940 1005 1069 1040 „Pascha
1097 1008 1227 1032 nostrum
1249 1005 1418 1033 immolatus
1439 1010 1483 1032 est

163 1043 309 1072 Christus,
336 1042 376 1072 V.
399 1042 606 1078 Epulemur
637 1044 674 1069 in
705 1044 846 1077 azymis
877 1044 1124 1070 sinceritatis
1155 1047 1191 1070 et
1211 1045 1423 1072 veritatiss‘
1445 1058 1482 1062 —

165 1082 316 1110 Letzterer
330 1081 468 1109 Versikel
489 1080 594 1116 gehiirt
609 1079 684 1115 jetzt
703 1079 785 1108 nicht
806 1080 887 1109 mehr
908 1090 971 1108 zum
987 1081 1097 1108 Versus
1110 1081 1333 1114 Alleluiaticus;
1359 1083 1433 1109 auch
1452 1083 1482 1109 in

163 1120 216 1147 der
235 1120 348 1147 alteren
369 1119 505 1156 Liturgie
526 1121 566 1146 ist
586 1127 616 1146 es
638 1118 748 1146 selteue
763 1118 940 1151 Ausuahme,
962 1117 1036 1153 dass,
1059 1121 1113 1146 wie
1134 1120 1197 1147 hier
1217 1121 1395 1153 aufOstern,
1417 1121 1480 1147 dem

164 1158 200 1186 V.
221 1158 279 1186 All.
300 1157 376 1185 noch
397 1158 446 1184 ein
467 1158 600 1185 weiterer
619 1157 731 1184 Versus
752 1158 901 1193 beigefiigt
922 1158 1003 1185 wird.

532 1260 601 1290 443.
634 1261 673 1291 In
693 1260 960 1291 Resurrectione
980 1261 1129 1291 Domini.

736 1311 848 1338 Feria
875 1310 912 1336 II.

511 1380 541 1410 1.
570 1378 676 1410 Psalle
701 1377 824 1417 sedule,
851 1379 958 1417 specie
985 1378 1102 1420 lucida,

745 1424 899 1467 Alleluia,

669 1472 828 1514 Sanguine
856 1473 961 1506 dicata

670 1521 802 1560 Christi,
829 1522 976 1561 ecclesia,

668 1569 806 1601 Exsulta
832 1579 970 1602 consona

668 1617 754 1649 Voce
780 1626 851 1649 cum
877 1618 1011 1658 cythara

564 1665 688 1706 Erepta
713 1668 816 1698 morte
841 1671 998 1706 perpetua

563 1713 789 1754 scandensque
815 1714 962 1754 polorum
987 1715 1106 1747 sidera.

198 1773 230 1804 2.
258 1773 284 1806 O
310 1773 363 1812 pie
389 1775 487 1810 sator,
515 1772 564 1804 eui
590 1771 756 1812 oportebat
777 1770 853 1810 pati
876 1770 977 1804 filium
1003 1777 1091 1804 tuum
1119 1771 1284 1805 Christum

254 1817 304 1854 Et
328 1829 494 1861 resuryere
519 1829 541 1851 a
565 1819 703 1852 mortuis
728 1822 756 1852 et
776 1819 823 1851 ita

160 1885 220 1918 3a.
252 1883 386 1916 Intrare
853 1881 914 1916 3b.
950 1881 1076 1914 Ducere

255 1930 375 1964 inferni
401 1931 542 1963 claustra
566 1939 604 1963 ac
948 1931 1088 1962 maxima
1114 1935 1144 1962 et
1168 1931 1289 1970 praeda

256 1988 363 2012 secum
386 1979 492 2020 spolia
947 1977 1033 2010 facta
1059 1982 1191 2018 portare

620 2037 654 2070 4.
679 2036 724 2068 In
748 2035 890 2078 gloriam
914 2045 1020 2078 suam,

160 2098 221 2130 5a.
257 2094 377 2127 Tecum
403 2093 531 2136 sedens,
557 2093 699 2135 gaudens
855 2092 918 2127 5b.
951 2093 1014 2126 Hic
1040 2099 1192 2127 venturus
1217 2095 1323 2127 saecla

256 2142 299 2176 ad
325 2146 412 2175 tuam
437 2142 624 2184 dexteram3
948 2143 1046 2175 iudex
1072 2143 1132 2174 erit
1158 2149 1284 2175 cuncta.

159 2210 223 2244 6⁹·-
256 2201 408 2238 Laetare,
434 2207 566 2241 sponsa,
591 2203 750 2240 perpetua
849 2199 913 2234 (ib.
949 2201 1050 2239 Quam
1075 2200 1171 2234 beata
1195 2199 1305 2233 ferens
1331 2200 1440 2233 ubera.

513 2258 545 2291 7.
571 2257 659 2290 Cane
683 2257 874 2298 rhythmice,
899 2258 1018 2290 musice
1044 2259 1174 2292 modula

744 2304 900 2349 Alleluia,

668 2352 787 2396 Dilata,
814 2352 891 2395 filia,

669 2402 757 2442 Apta
780 2401 866 2442 regis
891 2403 975 2441 auia,
