1653 2689
1145 234 1158 247 ιι
1214 224 1284 247 iti-lm
1327 223 1343 233 ⁴⁷
1366 228 1381 236 “”

1379 252 1385 261 ι

339 217 517 264 Supernnm
1176 234 1190 247 ¹¹
1250 256 1259 260 ,
1267 254 1275 260 ..

1029 267 1106 300 Post
1127 267 1270 300 triduum

289 266 459 299 Brachium
486 266 605 308 rapuit,
908 267 953 301 20

290 314 397 346 Morte
423 319 558 347 mortem
584 314 732 348 destruit.
979 315 1188 348 Frumentum

338 364 476 395 Vernum
978 363 1069 397 Parit
1093 371 1156 396 uno
1180 367 1316 400 centum,

220 412 263 444 15
290 410 387 443 Sidus
414 411 529 443 ciarnit
1028 410 1152 444 Reddit
1165 409 1303 442 fructum
1319 409 1514 451 centuplum,

337 458 443 491 Solem
470 468 529 499 per
554 459 763 499 hodiernum3
979 459 1212 492 lucrementum
1329 464 1331 468 ’

340 508 511 540 Veternum
909 508 952 540 25
1028 507 1064 538 In
1090 507 1264 542 saeculnm.

292 555 377 587 Perit
404 555 608 595 fermentum,

275 640 407 667 Oration.
442 649 494 666 ms.
527 640 690 675 Campense
721 640 791 667 anni
826 637 908 668 1462.
959 640 1030 668 Cod.
1060 639 1277 668 Darmstadien.
1308 637 1374 666 521.
1408 639 1443 666 A.
1475 653 1514 658 —-

196 679 330 711 manius,
360 680 411 706 Nr.
438 679 516 705 LIX.
543 679 576 705 B.
598 692 636 697 —
661 676 679 704 3
704 678 813 706 Ferens
840 682 940 714 patere
967 680 1001 706 A.
1022 692 1059 697 —
1086 677 1103 706 5
1130 678 1257 706 studium
1283 679 1315 706 B.
1335 693 1374 696 —
1393 674 1412 704 6
1431 678 1514 706 Tuae

194 716 240 749 (st.
263 717 348 750 Viae)
368 718 400 744 B.
422 732 457 736 —
484 715 518 744 10
539 716 650 752 Pignus
671 719 821 744 aeternum
842 717 875 744 B.
896 731 934 734 —
956 716 992 744 14
1013 717 1120 744 Verum
1142 717 1175 743 B.
1194 715 1234 735 ‘—-
1256 715 1291 744 17
1313 717 1406 744 Vetus
1427 716 1460 743 B.
1476 729 1513 735 —

194 753 231 781 25
253 755 325 783 fehlt
346 756 378 782 B.
397 769 434 773 —
449 754 705 782 Wahrscheinlich
719 756 835 790 Tropus
856 756 943 783 iiber:
967 756 1200 792 „Expurgate
1221 757 1328 783 vetus
1348 755 1511 782 fermen·

193 796 278 826 tum,
300 797 339 820 ut
359 794 448 820 sitis
469 801 564 820 nova
585 791 839 828 conspersi0“‚
862 793 1044 830 wenngleich
1066 793 1113 820 ich
1128 793 1229 821 diesen
1244 793 1417 822 Schrifttext
1429 793 1513 820 nicht

194 832 239 858 als
267 832 376 859 Versus
402 832 610 859 Alleluiaticus
637 831 824 860 uachweisen
851 831 941 859 kann.
962 847 998 852 —
1025 832 1104 859 Titel
1131 834 1162 859 in
1186 831 1226 858 A:
1257 831 1367 867 „Pi-osa
1394 830 1430 858 de
1456 831 1512 859 Re-

194 872 375 898 surrectione
395 871 468 897 feria
490 868 645 898 secunda“.

553 1001 621 1032 447.
653 1001 691 1030 In
712 1001 976 1033 Resurrectione
998 1001 1145 1032 Domini.

245 1091 261 1124 1
291 1090 422 1122 Hostem
450 1094 579 1130 superat
978 1091 1063 1123 Data
1090 1090 1181 1122 venia

291 1138 333 1169 Et
358 1138 519 1170 infernum
546 1141 667 1171 reserat
907 1139 951 1171 10
978 1138 1042 1170 Sua
1067 1138 1170 1178 gratia

288 1185 331 1216 Et
357 1186 514 1217 hominem
540 1185 655 1218 liberat
1026 1185 1147 1217 Reddit
1173 1185 1327 1223 liberumz,

336 1233 513 1271 Perditum‚
977 1233 1031 1265 Sic
1056 1237 1088 1264 et
1113 1233 1190 1265 vitia

242 1283 261 1314 5
338 1281 457 1321 Culpae
483 1281 579 1313 solvit
605 1281 745 1312 debitum
1025 1282 1168 1320 Purgans
1194 1289 1326 1320 operum

287 1328 348 1360 Dei
375 1328 467 1369 filius,
1025 1328 1091 1359 Nos
1115 1328 1156 1360 ad
1184 1337 1335 1370 superum

287 1376 347 1415 Qui
374 1376 532 1415 propitius
908 1378 949 1408 15
977 1376 1081 1408 Ducat
1107 1375 1234 1416 gaudia.

335 1423 495 1455 Scelerum

270 1508 406 1536 Cantion.
434 1516 487 1535 ms.
513 1509 593 1535 Petri
620 1508 657 1536 de
685 1508 808 1536 Medicis
835 1507 1005 1538 (Gallicum)
1030 1515 1106 1535 saec.
1135 1505 1178 1535 13.
1218 1507 1291 1536 eod.
1320 1508 1514 1536 Laurentian.

194 1546 239 1573 Pl.
261 1545 306 1574 29.
331 1545 354 1572 1.
377 1561 414 1565 —-
434 1546 485 1573 Ich
506 1555 586 1582 wage
608 1555 660 1574 vor
681 1546 733 1573 dei·
754 1546 841 1574 Hand
862 1545 953 1577 nicht,
977 1546 1076 1573 diesen
1097 1546 1287 1582 Ostertropus
1309 1561 1345 1564 —
1366 1547 1418 1574 das
1441 1547 1514 1574 wird

193 1584 451 1651 Ξῖιὲἒξέεἱέὺέἒὴφιὶῐ
479 1585 537 1612 und
565 1585 650 1612 Form
680 1584 754 1611 wohl
783 1584 878 1612 sicher
909 1585 972 1611 sein
993 1598 1028 1603 -
1057 1585 1152 1612 einen]
1179 1584 1366 1612 bestimmten
1394 1583 1434 1613 V.
1464 1595 1514 1613 zu-

553 1714 622 1746 448.
653 1715 691 1745 In
713 1714 979 1746 Resurrectione
1000 1715 1149 1746 Domini.

583 1794 613 1826 1.
641 1793 829 1825 Resurrexit
855 1792 961 1836 hodie,

642 1840 695 1881 qui
720 1840 826 1880 pridie

642 1897 754 1930 passus
781 1892 828 1919 est
853 1898 912 1928 pro
937 1888 1075 1921 homine.

196 1970 253 2000 2a.
290 1967 350 1998 Via
376 1975 461 2000 vera.
488 1965 599 1998 mortis
625 1966 701 2003 vita,
882 1964 944 1998 2b.
979 1965 1069 2004 Quod
1094 1975 1157 1998 non
1182 1967 1326 2006 pepercit
1353 1967 1486 2007 proprio

291 2015 387 2047 salus.
414 2019 525 2046 nostra
550 2013 730 2052 redemptio
978 2017 1111 2052 propter
1136 2022 1192 2045 nos
1218 2023 1274 2046 suo
1301 2013 1378 2055 filio,

291 2067 428 2095 mortem
455 2065 556 2092 morte
581 2060 735 2101 perdidit,
977 2061 1114 2092 laetetur
1139 2061 1285 2102 ecclesia,

292 2111 358 2141 vita
382 2111 479 2141 vitam
505 2108 653 2148 redemit,
979 2108 1142 2142 destructo
1168 2111 1279 2142 mortis
1305 2111 1451 2150 principe

291 2166 358 2197 rex,
386 2162 510 2189 creator
535 2157 685 2195 omnium,
979 2155 1083 2188 laudis
1109 2156 1301 2190 sacrificium

290 2215 381 2246 quem
410 2205 499 2236 decet
526 2212 585 2244 per
609 2203 770 2236 saeculum
977 2203 1088 2236 offerat
1114 2203 1255 2237 fideliter

287 2255 369 2293 laus,
392 2254 505 2293 honor,
979 2260 1049 2283 cum
1075 2253 1170 2285 turba

289 2302 390 2334 virtus
415 2305 447 2331 et
471 2299 628 2332 iubilatio.
978 2300 1199 2333 saccerdotum
1225 2310 1284 2343 per
1307 2300 1481 2334 saeculum.

269 2389 358 2423 Trop.
387 2394 439 2414 me.
465 2385 626 2412 Diessense
653 2392 729 2412 saec.
757 2382 801 2411 14.
847 2383 920 2411 clm.
949 2384 1105 2412 Monacen.
1133 2382 1218 2413 5539.
1247 2400 1283 2405 -—
1312 2379 1515 2414 Ub'erschrist:

197 2424 367 2464 „Tropus“;
390 2434 421 2453 es
440 2423 535 2451 bleibt
555 2423 699 2455 unsicher,
720 2421 859 2450 welchem
882 2421 1072 2450 Schristtexte
1090 2432 1122 2451 er
1143 2425 1328 2452 zuzuweisen
1347 2425 1401 2452 sei.
