1653 2689
687 93 925 129 —49-

557 205 606 238 ⁷4.
636 206 677 236 In
696 206 887 245 Epiphania
906 208 1056 240 Domini.

310 285 343 319 1.
369 285 472 318 Stella
496 295 579 318 nova
603 285 744 329 emicuit,
771 286 915 318 salvator
939 287 972 319 in
997 287 1075 320 orbe
1100 286 1239 328 refulsit,

365 333 411 367 Ut
435 333 570 366 credant
595 337 723 374 gentes;
750 334 922 366 iubilantes
950 335 1058 375 dicite,
1086 333 1222 369 fratres:

450 377 537 415 Ecce,
558 378 684 408 advenit
703 378 880 409 dominator
899 378 1065 415 Dominus,

311 421 344 454 2.
371 419 468 452 Cuius
496 419 674 460 baptismus
701 423 844 452 nostrum
871 421 1032 461 baptisma
1057 422 1196 460 dicavit3

451 466 478 493 et
498 473 626 503 regnum
647 464 682 493 in
704 474 798 494 manu
819 466 893 501 eius,

309 507 341 540 3.
367 505 428 547 Qui
453 505 486 538 in
513 506 621 538 vinum
647 507 805 538 convertit
830 517 940 547 aquas,
966 508 1028 548 ipsi
1055 508 1152 540 decus
1178 517 1269 540 omne
1296 514 1343 540 est

451 553 479 579 et
494 553 632 588 potestas
653 554 680 580 et
701 551 872 588 imperium.

219 619 308 656 Trop.
336 629 388 647 ms.
415 617 610 647 Martialense
637 628 713 647 saec.
742 618 785 648 10.
828 621 889 648 Cod
919 622 1045 648 Parisin.
1079 618 1159 648 1084.
1184 622 1218 648 A.
1242 638 1276 640 —
1297 622 1384 657 Trop.
1414 631 1465 648 ma.

142 657 336 686 Martialense
362 666 439 686 saec.
469 655 512 684 10.
542 667 585 685 ex.
629 658 699 686 Cod.
721 659 848 686 Parisin.
882 658 963 686 1118.
986 661 1020 686 B.
1042 674 1078 678 —
1098 660 1186 693 Trop.
1208 668 1260 686 ms.
1285 661 1466 687 Niverneuse

142 703 219 724 saec.
250 695 294 724 11.
335 695 404 725 Cod.
425 696 554 723 Parisin.
584 695 669 724 9449.
690 697 722 725 C.
744 711 780 716 —
801 698 889 733 Trop.
912 707 963 725 ms.
985 699 1192 726 Glastoniense
1212 697 1467 731 (?Cantuariense)

142 743 219 762 saec.
243 733 287 763 11.
308 744 354 763 ex.
373 734 414 769 (et
436 733 491 768 12.)
521 735 592 762 Cod.
614 733 779 762 Londinen.
801 736 894 772 Calig.
916 737 940 763 A
962 737 1041 764 XIV.
1063 738 1098 764 D.
1115 752 1149 755 —
1165 737 1253 772 Trop.
1275 744 1327 764 ms.
1342 737 1466 773 Mogun-

141 772 280 808 tinum(‘?)
308 782 383 802 saec.
408 771 450 801 10.
492 773 562 801 Cod.
584 773 748 801 Londinen.
770 774 835 801 add.
860 773 893 802 19
903 773 966 802 768.
988 775 1023 802 E.
1046 790 1083 793 —
1106 773 1128 807 l,
1153 773 1166 801 l
1189 775 1318 809 Mella(l)
1338 784 1414 803 nova
1435 777 1466 804 C.

142 825 179 830 —
202 810 228 846 1,
249 810 267 839 2
288 813 330 840 Ut
350 813 471 840 redeant
491 812 525 838 A.
540 827 578 830 —
591 810 610 839 2
630 813 809 847 baptismum
832 813 900 846 DE3
922 814 1031 840 ditavit
1051 814 1085 840 A.
1100 829 1135 832 —
1151 811 1168 839 3
1189 813 1277 840 decus
1299 823 1357 841 non
1374 818 1418 841 est
1433 815 1467 842 C.

559 935 604 964 75.
635 935 673 964 In
694 935 884 973 Epiphania
905 936 1053 966 Domini.

313 1041 322 1050 .
349 1014 561 1054 Propheticus
586 1023 691 1047 sermo
717 1015 896 1047 venientem
918 1015 1043 1048 intonat
1068 1016 1129 1046 ita:

395 1058 482 1094 Ecce,
503 1059 625 1088 advenit
645 1059 819 1088 dominator
840 1059 1009 1094 Dominus,

291 1017 307 1048 1

288 1103 320 1135 2.
347 1101 445 1140 Quem
473 1100 588 1132 devote
613 1101 713 1140 magis
739 1101 828 1133 sidus
853 1102 981 1141 aperuit
1006 1110 1142 1140 novum3

390 1147 417 1174 et
437 1153 562 1182 regnum
586 1145 619 1173 in
639 1154 735 1174 manu
755 1147 828 1180 eius,

289 1189 320 1220 3.
348 1187 444 1219 Cuius
470 1186 683 1218 ventilabrum
711 1187 825 1218 dextra
850 1187 1000 1227 purgabit
1026 1196 1080 1218 cor
1105 1189 1258 1225 nostrum,

388 1233 415 1261 et
431 1233 568 1268 potestas
589 1234 615 1260 et
638 1231 807 1268 imperinm..

287 1275 319 1306 4.
348 1271 494 1306 Stellifer
516 1272 629 1304 aether
656 1270 793 1315 [laudat]
821 1276 928 1315 temet,
955 1272 1122 1305 iubilando
1149 1281 1312 1304 canamus:

390 1317 498 1347 Gloria
515 1318 602 1355 patri
622 1320 649 1345 et
674 1318 738 1353 filio
763 1321 790 1346 et
810 1318 936 1354 spiritui
957 1321 1072 1348 sancto.

213 1388 302 1423 Trop.
323 1397 376 1415 ms.
395 1386 587 1414 Martialense
609 1395 684 1414 saec.
708 1384 750 1414 10.
783 1387 853 1414 Cod.
868 1387 996 1414 Parisin.
1014 1386 1096 1414 1084.
1112 1401 1149 1405 —
1166 1384 1179 1412 1
1203 1395 1296 1413 sermo
1312 1386 1460 1414 Christum

135 1427 313 1454 venientem.
335 1441 371 1445 -
392 1424 410 1453 2
431 1433 532 1460 magos
554 1425 656 1452 siduus
678 1427 824 1460 apparuit.
846 1440 883 1443 —
903 1423 921 1452 3
941 1425 1073 1452 dextram
1094 1427 1212 1459 gestans
1234 1426 1371 1461 purgabit
1392 1430 1461 1453 tunc

135 1468 278 1492 nostmm.
297 1479 328 1484 —
345 1465 406 1492 Der
426 1463 502 1490 Text
522 1465 560 1490 ist
581 1463 718 1490 sichtlieh
740 1463 883 1494 verderbt,
904 1464 964 1490 und
986 1473 1016 1491 es
1038 1464 1131 1491 bleibt
1151 1463 1336 1495 zweifelhaft‚
1356 1465 1392 1491 ob
1414 1465 1460 1492 die

135 1503 228 1531 Verse
249 1503 385 1531 wirklich
406 1501 607 1537 rhythmische
630 1503 810 1529 Hexameter
831 1503 896 1529 sein
917 1503 1021 1529 sollen.

545 1626 593 1655 76.
626 1625 663 1654 In
684 1625 875 1663 Epiphania
900 1625 1047 1656 Domini.

278 1703 309 1736 1.
336 1701 440 1735 Obvia
465 1704 578 1741 pergat
604 1710 702 1732 ovans
729 1701 859 1733 laudum
887 1710 957 1732 cum
985 1709 1115 1733 munere
1141 1700 1248 1742 turba,

402 1747 468 1780 Eia,
492 1745 579 1780 Ecce,
601 1745 722 1775 advenit
743 1746 916 1776 dominator
937 1746 1104 1780 Dominus,

401 1787 427 1815 et
448 1793 573 1821 reynum
597 1785 629 1812 iaz
651 1793 746 1813 manu
766 1785 831 1813 eius
852 1788 879 1813 et
896 1788 1032 1822 potestas
1053 1787 1079 1813 et
1103 1784 1272 1821 imperim,

277 1830 310 1862 2.
336 1828 400 1860 Per
425 1835 506 1866 quae
534 1830 648 1858 cuncta
674 1827 727 1866 pio
753 1835 881 1866 semper
906 1827 1125 1859 moderamine
1152 1830 1271 1858 servat.

399 1870 495 1907 Deus,
517 1871 667 1901 iudicium
688 1874 774 1900 tunm
794 1872 857 1909 γεμί
877 1871 927 1900 da.

208 1941 297 1979 Trop.
326 1951 378 1970 ms.
401 1941 595 1969 Vedastinum
618 1950 693 1968 saec.
719 1939 761 1968 11.
805 1941 875 1968 Cod.
898 1942 1085 1969 Cameracen.
1107 1938 1144 1967 76
1163 1939 1230 1973 (75).
1254 1955 1291 1958 —
1311 1938 1328 1966 2
1349 1944 1457 1967 servat.

127 1983 164 2010 In
189 1982 241 2009 der
262 1981 316 2009 Hs.
344 1982 384 2009 ist
409 1980 556 2008 zwischen
580 1979 593 2007 1
616 1980 675 2007 und
696 1978 714 2006 2
735 1979 900 2007 irrtiimlich
921 1980 972 2007 der
993 1979 1321 2014 offertorium-Tropus
1346 1980 1459 2014 „Reg-

127 2030 257 2048 norum
279 2017 447 2048 Domino“
494 2019 722 2055 eingeschoben.

541 2143 589 2173 77.
622 2143 660 2172 In
681 2143 872 2181 Epiphania
893 2143 1042 2173 Domini.

476 2218 509 2252 1.
537 2218 628 2250 Haec
653 2221 703 2250 est
727 2218 898 2258 praeclara
925 2218 994 2250 dies

533 2266 637 2298 tribus
663 2270 792 2298 sacrata
818 2266 992 2308 miraculis,

533 2314 566 2346 in
593 2324 657 2355 qua
682 2324 753 2346 cum
779 2314 940 2356 propheta

534 2371 685 2395 canamus
712 2364 875 2396 dicentes:

591 2407 678 2444 Ecce,
699 2408 829 2443 advenit,

182 2463 314 2493 Blumo,
336 2462 417 2493 Tropi
435 2460 601 2484 Graduales.
632 2460 671 2484 11.
1269 2455 1288 2484 4
