1653 2689
744 137 1006 173 —256—

467 235 616 275 Corpora
639 237 829 268 sanctorum
854 234 891 267 in
909 244 994 276 pace
1017 234 1164 276 se-pulta
1187 237 1275 274 sumt,

613 284 646 317 2.
683 282 727 314 Et
753 292 861 315 eorum
886 283 1043 324 gloriosae

685 330 808 363 animae

684 378 716 410 in
742 379 814 410 sinu
838 377 990 411 Abrahae

683 426 821 458 iubilant
845 424 997 463 feliciter,

464 475 508 506 Et
534 474 667 506 nomina
694 481 828 506 eo-rum

612 523 643 555 3.
682 521 721 553 In
745 522 820 553 albo

682 569 831 601 aethereo

684 616 855 658 descripta,
883 626 944 656 quo

738 665 811 704 agni
837 664 1053 706 benignissimi

737 713 819 743 oculi

682 764 756 790 sunt
781 760 813 791 in
838 768 934 798 aev03

465 807 576 838 Vivent
599 807 635 838 in
658 807 898 848 generationem
924 810 952 839 et
974 807 1224 847 yeneraeionem.

285 882 372 917 Trop.
401 890 453 909 ms.
481 881 687 909 Novaiiciense
715 891 792 909 saec.
822 880 865 908 11.
911 881 982 910 Cod.
1009 882 1153 909 Oxonien.
1181 882 1283 909 Douce
1311 879 1378 908 222.
1406 895 1445 900 -—
1470 879 1530 909 Die

209 919 393 954 Tropierung
419 921 449 946 in
471 920 528 947 Str.
550 918 567 946 2
594 921 740 947 erscheint
764 920 922 956 aufgebaut
948 920 1021 947 fiber
1041 920 1104 947 dem
1126 919 1241 947 Vokale
1263 925 1280 947 e
1301 919 1528 954 (se-pulta,

209 957 278 985 oder
300 960 411 993 pace),
434 959 464 984 in
487 958 542 985 Str.
566 957 583 983 2²,
604 959 676 985 iiber
697 964 716 985 0
737 958 763 990 (e
773 960 914 992 o-rumJ.

576 1080 644 1111 493.
676 1080 714 1109 In
736 1080 931 1110 sanctorum
951 1079 1153 1116 Martyrum.

247 1149 263 1180 1
301 1149 330 1180 T
329 1160 372 1180 ua
399 1149 591 1190 fior-imam,
610 1150 708 1189 Deus,
727 1159 835 1190 opera.
991 1150 1066 1181 Imis
1092 1158 1210 1189 supera

305 1197 372 1228 Tua
399 1197 526 1229 dextera
992 1196 1203 1238 eonfoedera‚

304 1244 415 1274 Virtus
442 1249 489 1275 est
516 1253 599 1287 vera,
992 1244 1123 1284 Superis
1149 1244 1264 1285 infera,

306 1291 420 1322 Sidera
910 1294 952 1325 15
1039 1293 1134 1333 Legis
1161 1296 1193 1323 ut
1221 1293 1348 1324 divinae

246 1337 266 1370 5
353 1339 379 1369 F
381 1339 509 1380 inuans,
993 1339 1127 1371 Servent
1153 1346 1258 1372 cetera

352 1385 530 1418 Numerans
989 1387 1135 1419 Foedera

304 1434 482 1473 Innumera,
1038 1434 1133 1466 Certo
1159 1434 1232 1468 fine.

352 1482 494 1512 pensans
988 1481 1057 1513 Nos
1082 1486 1226 1522 tempera

305 1528 463 1567 Pondere,
908 1531 952 1562 20
990 1529 1144 1562 Domine.

222 1576 263 1608 10
354 1576 458 1609 Colles
485 1576 605 1608 librans

304 1623 342 1654 In
367 1627 500 1657 statera.

285 1697 420 1725 cantion.
442 1707 494 1726 ms.
515 1699 594 1725 Petri
617 1699 651 1726 de
672 1697 796 1726 Medicis
809 1698 976 1733 (Gallicum)
997 1708 1073 1727 saec.
1099 1698 1142 1728 13.
1177 1700 1247 1728 eod.
1268 1701 1461 1729 Laurentian.
1478 1702 1525 1730 Pl.

206 1733 252 1763 29.
283 1735 306 1763 1.
335 1751 365 1755 -
403 1735 436 1763 16
463 1738 596 1764 Servant.
623 1753 659 1757 —
686 1737 775 1763 Wohl
803 1737 898 1764 sicher
925 1738 1039 1773 Tropus
1067 1747 1131 1765 zum
1158 1739 1309 1766 Versikel:
1337 1741 1525 1774 „Dextera

206 1778 286 1807 tua,
320 1775 495 1807 Domine,
529 1775 759 1810 glorificata
793 1778 848 1803 est
877 1777 915 1802 in
943 1776 1126 1811 virtute⁴⁴3
1160 1777 1441 1813 dementsprechend
1474 1778 1526 1807 der

206 1813 291 1840 Reim
313 1814 370 1840 fast
391 1813 626 1840 aussuhliesslieh
647 1814 699 1841 auf
717 1811 861 1850 [dextJera
882 1815 940 1842 und
962 1813 1121 1851 [Dom]zss›1e.

582 1925 650 1956 494.
680 1925 730 1955 Be
752 1926 924 1956 communi
944 1927 1145 1958 Doctorum.

571 1996 600 2029 1.
626 1995 714 2027 Alle-
743 2005 818 2028 voce
844 1996 939 2037 celsa,
966 2000 1076 2029 nostra

629 2043 746 2084 contio,
775 2045 837 2083 dic,
865 2053 950 2085 ecce,
977 2053 1069 2077 sacra

757 2092 852 2129 -luia,

627 2137 787 2171 Dulcifiua
815 2140 955 2172 carmina

628 2195 778 2226 promens
803 2187 930 2220 Christo
957 2189 1082 2229 devota,

629 2238 760 2266 cantans
786 2238 935 2267 nectarea
961 2236 1090 2277 famina,

628 2283 659 2314 in
686 2281 778 2314 huius
802 2282 888 2315 fama

628 2330 731 2362 sancti
756 2331 865 2372 iubila,

628 2377 837 2418 symphoniae
864 2380 988 2412 cantica

629 2426 811 2458 dulcimode
837 2431 941 2461 canta.
