1653 2689
0 74 321 130 “W
627 112 676 118 —
725 93 791 129 137
843 111 888 118 -—

94 186 132 217 Δ.
151 201 192 208 --
210 185 231 215 4
247 187 328 222 legio
350 187 408 215 mei
429 188 468 221 Βς
489 196 565 225 quon
585 188 631 224 (st.
652 189 730 225 cum)
749 191 865 225 superis
885 189 927 224 (ὴ
949 191 1008 218 iam
1028 190 1218 220 decantantes
1237 192 1366 222 A-FH.
1383 210 1419 214 —

95 223 115 254 5
135 223 196 254 und
213 223 234 254 6
252 223 350 253 tehlen
371 225 530 255 A—DFH.
551 242 589 246 —
610 227 711 256 Durch
729 229 754 257 G
776 228 842 257 liess
864 228 927 256 sich
948 228 1000 257 der
1019 230 1215 258 stellenweise
1237 232 1417 261 verdorbene

90 263 185 298 wext,
211 264 244 292 in
270 263 335 292 dem
363 264 412 292 die
431 264 611 294 Hexameter
637 267 696 294 und
722 267 857 304 zugleich
882 267 934 294 der
961 271 1032 296 stets
1059 268 1207 304 gewahrte
1228 271 1418 300 Binnenreim

93 301 262 331 manehmal
282 303 415 331 entstellt
435 311 543 337 waren,
563 305 672 333 wieder
692 305 858 334 herstellen.

523 436 593 467 310.
624 437 663 466 In
686 437 798 468 sancti
819 438 988 469 Mauritii.

265 514 298 549 1.
323 515 401 554 Vos,
429 516 481 556 qui
507 516 628 548 terreni
655 518 780 549 vitastis
805 519 948 557 praemia
974 518 1071 550 saecli

323 564 367 596 Et
394 563 510 604 cupitis
535 564 676 604 gaudere
702 566 780 597 meis
806 566 838 598 in
866 565 1019 607 coetibus,
1047 576 1122 607 ergo

445 607 556 643 Venite,
579 609 723 640 benedieti
740 611 841 647 patris
863 612 926 646 mei,

264 651 296 683 2.
325 649 486 690 Sanguine
511 650 565 691 qui
590 652 723 691 proprio
749 652 915 684 mercastis
940 657 1067 692 sceptra
1092 653 1248 693 polorum,

325 697 474 730 Christus
500 700 555 739 ait,
583 707 705 730 mecum
733 699 888 732 laetantes
914 701 1034 740 absque
1060 701 1170 733 labore

431 743 579 780 percipite
600 753 729 780 reanum,

261 785 296 818 3.
324 784 376 816 Ad
404 793 474 816 mea
501 787 574 816 vota
599 785 684 825 quod
711 787 858 826 optastis,
886 786 938 826 qui
964 786 1032 818 iure
1060 787 1186 826 venitis,

322 832 454 866 Sumite.
483 833 666 873 contribuli,
692 843 776 865 nunc
802 833 861 865 hoc
886 834 1069 866 venerabile
1096 836 1223 875 donum,

440 877 520 914 quod
541 878 626 905 vobis
644 881 791 913 paratum
812 882 855 908 est
875 879 914 907 ab
934 880 1050 915 oriqim
1072 879 1184 909 timendi.

262 920 292 952 4.
321 919 396 958 Eia,
423 919 638 959 christicolae,
665 919 828 951 reboando
854 921 990 960 promite
1018 920 1144 953 Christo

369 966 411 998 Et
438 975 519 1007 puro
546 967 643 998 corde
668 968 799 1007 pangite
825 967 992 999 melliflue:

436 1011 580 1039 Alleluia.

260 1055 290 1086 5.
318 1053 458 1093 Agmina
483 1057 675 1094 sanctorum,
704 1053 781 1084 mihi
808 1053 1020 1085 decantabitis
1046 1054 1142 1085 illue:

436 1096 545 1126 Gloria
563 1097 651 1133 patri
670 1101 697 1126 et
717 1098 779 1133 silio
801 1100 827 1126 et
848 1098 974 1135 spiritui
995 1101 1100 1127 sancto
1122 1102 1174 1128 etc.

166 1177 255 1210 Trop.
284 1184 337 1202 ms.
365 1175 394 1202 S.
423 1176 546 1203 Martini
569 1175 820 1208 Masciaeensisl?)
847 1185 922 1203 saec.
946 1173 1019 1203 ¹⁰s'11.
1061 1176 1130 1204 Cod.
1152 1177 1286 1204 Vaticau.
1309 1178 1411 1214 Regin.

87 1211 156 1242 222.
183 1215 217 1242 A.
238 1229 276 1232 —
303 1214 391 1250 Trop.
420 1222 472 1240 ms.
497 1215 525 1241 S.
546 1214 669 1241 Martini
692 1212 913 1242 Lemovicensis
942 1222 1016 1242 saec.
1042 1213 1083 1242 11.
1113 1217 1150 1242 iu.
1193 1215 1262 1243 Cod.
1286 1217 1411 1243 Parisin.

90 1250 173 1280 1120.
203 1253 235 1279 Β.
262 1268 299 1272 —-
329 1251 358 1286 1,
388 1251 401 1279 l
430 1254 537 1280 terreni
566 1253 605 1283 B;
632 1254 770 1279 vestastis
796 1254 828 1279 A.
853 1267 887 1271 —-
910 1251 940 1284 2,
971 1250 988 1278 2
1016 1262 1126 1280 mecum
1156 1258 1299 1281 certantes
1323 1256 1353 1281 B.
1375 1270 1411 1274 -—

80 1288 117 1357 Ξ,
139 1289 358 1358 ἰοέηῖὲξιιῗῖξ
380 1292 412 1318 Β.
433 1305 471 1309 *-
491 1289 518 1323 4,
542 1289 555 1317 1
579 1300 621 1326 sq.
644 1291 761 1318 Christo
782 1291 822 1321 Et
842 1291 913 1318 fehlt
934 1292 967 1318 Α.
989 1306 1026 1309 ἡ
1047 1290 1073 1322 4,
1096 1293 1113 1318 L'
1133 1293 1219 1320 corde
1242 1298 1269 1319 ct
1292 1295 1410 1329 pangite

520 1423 589 1453 311.
621 1422 659 1452 In
682 1423 792 1453 sancti
814 1422 983 1453 Mauritii.

265 1504 295 1536 1.
322 1502 475 1543 Martyrii
501 1502 555 1542 qui
583 1503 643 1533 rite
669 1502 740 1542 mei,
768 1511 823 1534 vos
849 1503 1002 1542 sanguine
1027 1507 1134 1543 testes,

323 1551 473 1582 victricis
500 1560 625 1590 pugnae
652 1551 813 1582 meruistis
841 1549 925 1582 ferre
952 1551 1157 1592 triumphum,

402 1595 512 1629 Venite,
535 1595 681 1624 benedieti
698 1596 800 1632 patris
821 1597 885 1630 mei,

259 1639 291 1671 2.
318 1637 360 1669 Et
387 1639 461 1677 quia
486 1636 647 1669 ferventes
674 1637 820 1669 certastis
846 1646 954 1668 amore
980 1636 1066 1677 fidei⁷

392 1682 538 1719 percipite
558 1691 690 1719 requam,

259 1727 292 1758 3.
321 1724 414 1755 Vitae
439 1723 615 1763 tripudium
643 1723 777 1763 capietis
803 1723 835 1754 in
860 1732 921 1755 axe
947 1724 1089 1765 perenni,

397 1768 478 1806 quod
498 1768 581 1797 vobis
600 1772 744 1805 puratum
767 1771 809 1797 est
830 1769 867 1797 ab
891 1769 1007 1805 origfine
1029 1769 1142 1798 mundi.

259 1812 293 1844 4.
321 1810 484 1843 Concentn
510 1810 606 1850 pan'li
632 1819 694 1849 quo
719 1819 769 1841 me
795 1819 892 1850 super
917 1815 1004 1842 astra
1030 1810 1180 1848 fatentun

396 1856 544 1891 Alleluia,
565 1855 709 1884 Alleluia.

163 1936 252 1972 Trop.
280 1944 334 1964 ms.
363 1938 393 1964 S.
421 1936 545 1963 Martini
565 1936 796 1965 {Lemovieensis
825 1943 901 1962 saec.
933 1933 975 1963 11.
1004 1937 1043 1962 in.
1085 1936 1155 1963 Cod.
1176 1937 1302 1964 Parisin.
1329 1935 1410 1965 1120.

86 1975 122 2002 A.
144 1989 180 1994 —
199 1975 286 2009 Trop.
315 1983 368 2002 ms.
395 1974 424 2001 S.
451 1975 609 2011 Augustini
638 1974 858 2001 Lemovicensis
887 1981 962 2000 saec.
994 1972 1036 2000 11.
1078 1975 1148 2001 cod.
1177 1976 1304 2003 Parisiu.
1330 1974 1410 2004 1119.

83 2014 119 2041 B.
144 2028 181 2032 —-
204 2013 228 2046 l,
252 2012 265 2041 1
288 2014 360 2049 quin
382 2016 409 2040 te
431 2014 465 2046 A,
486 2013 624 2049 quinte(!)
644 2013 676 2040 Β.

517 2146 586 2176 312.
618 2146 657 2176 In
678 2145 789 2176 sancti
798 2145 887 2183 μΜειιι
893 2145 979 2176 ritii.

258 2228 288 2262 1.
315 2226 409 2259 Laeti
432 2225 569 2258 militiae
595 2225 792 2258 celebremus
820 2224 903 2257 festa
929 2225 1099 2260 Thebaeae

316 2273 482 2306 Laudibus
508 2274 604 2314 inque
630 2273 700 2308 eius
727 2273 913 2313 psalmistae
939 2273 1038 2306 verba
1065 2283 1237 2309 canamus:

395 2318 512 2348 Multae
531 2318 741 2348 tribulationes
765 2319 924 2352 iustorum,

255 2363 288 2395 2.
315 2361 401 2401 Quas
426 2369 486 2400 pro
509 2357 669 2394 mercedis
696 2361 782 2400 passi
806 2365 881 2392 sunt
907 2360 981 2392 dote
1008 2359 1179 2402 perennisg

394 2408 422 2434 et
441 2405 477 2435 cle
497 2405 545 2435 his
567 2405 710 2435 omnibus
731 2405 869 2435 liberavit
888 2413 938 2435 eos
961 2404 1125 2441 Dominus,
