1653 2689
963 180 971 186 '
988 180 1014 192 ω’,
1027 187 1036 194 .-

997 223 1004 230 .

573 223 604 256 7.
629 222 825 256 Immolatus
850 224 896 256 est
920 220 1074 257 Chnsm

630 271 749 304 Summi
774 271 835 304 Dei
860 269 957 305 filius.

572 319 604 354 8.
629 319 747 360 Itaque
771 319 938 360 epulem²aer

633 367 677 400 Et
702 376 772 399 cum
798 366 927 400 Christo
952 367 1150 408 gratulemur

573 417 605 448 9.
631 415 708 448 Non
733 415 771 447 in
795 415 950 455 fermento
976 414 1083 456 veteri,

634 463 706 495 Nou
730 465 763 495 in
789 463 930 503 peccatis
956 463 1074 500 obruti,

553 512 606 544 10.
632 511 744 551 Neque
768 511 804 542 in
829 511 986 551 fermento
1011 510 1170 551 malitiae,

633 559 872 599 Compatiamur
896 559 992 590 hodie

553 608 608 639 11.
634 606 678 639 Et
702 607 867 646 nequitiae

633 654 744 694 Neque
769 654 948 694 superbiae,

554 703 607 735 12.
635 702 700 734 Sed
723 702 760 733 in
785 702 909 743 azymis
933 702 1130 734 sinceritatis
1156 703 1185 733 et
1208 700 1354 734 veritatis

635 749 711 782 Cum
739 749 894 782 fratribus
919 750 1084 792 epulemur

635 797 678 828 Et
705 807 775 829 cum
802 797 930 830 Christo
955 798 1140 838 gloriemur,

635 845 693 878 Cui
721 845 814 877 detur
838 845 918 887 laus,
946 845 1058 886 gloria,

636 892 746 924 Virtus
769 897 865 933 atque
890 893 1042 932 potentia.

339 960 428 995 Trop.
449 967 504 986 ms.
522 959 683 985 Troianum
705 967 780 986 saec.
805 957 848 986 12.
881 958 950 985 Cod.
972 958 1159 994 Neapolitan.
1180 958 1223 985 VI
1236 957 1262 985 G
1282 955 1328 985 34.
1351 972 1385 977 —
1408 955 1452 991 10,
1473 955 1492 984 2
1506 957 1581 986 Cum

266 1000 421 1034 patIamur.
442 1011 479 1016 -—
504 994 547 1027 12,
569 994 588 1023 2
608 1005 739 1031 epumur.
761 1013 797 1017 —-
818 997 902 1024 Reim
923 998 978 1024 wie
999 997 1046 1024 bei
1067 997 1117 1024 Nr.
1137 993 1204 1028 400,
1224 993 1281 1023 409
1300 995 1361 1023 und
1380 994 1445 1023 414.

280 1154 309 1184 1.

280 1514 298 1545 [ὑ

625 1089 694 1120 395.
725 1090 764 1119 In
785 1089 1050 1120 Resurrectione
1071 1089 1219 1121 Domini.

337 1152 433 1190 Ecce,
462 1159 558 1181 manu
584 1148 676 1181 fortis
702 1149 793 1181 trivit
818 1148 995 1182 retinacula
1021 1150 1150 1189 mortis3

339 1199 470 1235 Plaude,
498 1201 654 1234 creatura,
681 1197 826 1229 barathri
850 1197 914 1229 iam
939 1197 1070 1236 despice
1095 1198 1175 1230 iura.

338 1246 386 1278 Ibi
413 1244 569 1285 confregit

338 1293 511 1332 Potentias,
538 1301 660 1331 arcum,
687 1296 809 1324 scutum
835 1293 1040 1332 gladiumque
1065 1296 1097 1323 et
1122 1291 1260 1334 bellum3

338 1342 472 1382 Plaude,
500 1345 658 1380 creatura,
684 1340 849 1380 perierunt
875 1340 1001 1372 vincula
1025 1340 1116 1371 dura.

338 1389 436 1430 Audi,
464 1396 548 1427 ecce,
575 1387 669 1419 unde.

438 1431 542 1461 Lectio
563 1432 707 1468 epistolae
728 1431 805 1460 beati
826 1431 921 1460 Pauli
941 1431 1075 1468 apostoli
1095 1431 1136 1459 ad
1156 1431 1340 1460 Corinthios.
1375 1430 1514 1467 Fratres,
1535 1440 1586 1461 ezc-

434 1479 478 1507 pu
484 1473 565 1507 rglate
578 1472 660 1498 ¹retus
674 1471 860 1505 fermentum,
874 1473 908 1498 ut
922 1470 989 1498 sitis
1005 1479 1080 1499 nova
1096 1478 1149 1498 can
1155 1470 1280 1507 sper-sio,
1295 1470 1375 1498 sicut
1388 1471 1461 1498 estis
1471 1470 1584 1508 azymi.

304 1540 311 1546 .
339 1513 477 1545 Cantate
494 1511 640 1543 Domino
666 1511 826 1542 canticum
854 1520 984 1549 norum,
1011 1510 1168 1549 Alleluia,
1195 1511 1274 1550 quia
1299 1511 1468 1544 mirabilia
1494 1511 1586 1552 fecit,·

336 1560 435 1601 Audi,
462 1567 546 1597 ecce,
571 1558 666 1592 unde.

436 1602 561 1632 Etenim
580 1603 696 1640 pascha
719 1605 857 1631 ‘'eostrum
878 1602 1051 1631 immolatus
1072 1606 1115 1632 est
1135 1602 1292 1638 Christus;

305 1671 311 1677 .
338 1646 402 1678 Res
428 1644 519 1684 mira,
545 1653 597 1675 res
623 1653 716 1686 nova,
743 1652 794 1675 res
820 1648 940 1677 sancta.

337 1693 490 1726 Laudate
506 1691 701 1731 Dominum,
729 1701 838 1723 omnes
856 1691 964 1732 angeli
983 1691 1062 1730 eius,
1085 1691 1216 1724 laudate
1233 1701 1307 1723 eum
1325 1701 1436 1725 omnes
1452 1692 1588 1725 virtutes

433 1740 512 1772 eius.

339 1789 480 1829 Dragma
509 1792 657 1827 reperta;

340 1837 472 1873 Plaude,
501 1839 657 1876 creatura,
686 1834 747 1865 dea
772 1834 818 1865 sic
843 1834 1028 1873 plaudenda
1053 1833 1173 1869 futura.

440 1879 548 1916 Itaque
568 1879 727 1916 epulemur,
749 1887 811 1908 non
827 1879 860 1907 in
874 1879 1017 1915 fermento
1031 1879 1121 1908 reteri
1133 1889 1228 1916 neque
1243 1880 1277 1909 in
1290 1881 1436 1917 fermento
1450 1882 1590 1912 malitiae

440 1921 467 1948 et
486 1917 646 1954 nequitiae,
667 1917 719 1946 secl
738 1917 771 1945 in
792 1917 910 1954 azymis
930 1917 1112 1947 sinceritatis
1133 1921 1159 1947 et
1179 1919 1326 1948 veritatis.

345 1980 433 2015 Trop.
455 1987 507 2005 ms.
528 1977 721 2004 Martialense
742 1985 817 2004 saec.
837 1975 906 2011 (11.)
928 1975 971 2004 12.
992 1975 1060 2010 (13.)
1095 1977 1166 2005 Cod.
1187 1979 1313 2006 Parisin.
1337 1977 1421 2007 1139.
1441 1994 1480 1999 -
1493 1980 1587 2008 Titel:

269 2018 402 2053 „Pascha
422 2017 552 2045 Domini.
593 2013 756 2051 Epistola.“
780 2030 818 2034 —
842 2015 865 2048 1,
893 2014 907 2042 1
931 2016 1011 2042 trivi.
1032 2031 1068 2035 —
1093 2014 1117 2048 1,
1138 2013 1157 2043 2
1177 2016 1337 2052 despicere.
1357 2032 1394 2036 —
1414 2017 1588 2054 Eigentiim-

267 2056 327 2083 lich
357 2058 397 2084 ist
426 2056 474 2082 die
500 2053 658 2089 Mischung
687 2053 738 2080 der
764 2054 949 2089 Tropierung
975 2062 1028 2081 aus
1056 2055 1254 2082 Hexametern
1281 2056 1341 2083 und
1370 2056 1590 2093 Psalmtexten;

267 2095 354 2122 dabei
375 2094 476 2122 bilden
499 2091 530 2125 1,
558 2089 576 2118 2
596 2092 657 2118 und
679 2091 709 2123 1,
739 2090 756 2118 5
777 2092 835 2119 und
856 2089 882 2123 3,
909 2090 928 2118 4
951 2093 1016 2119 eine
1036 2093 1090 2119 Art
1108 2101 1168 2119 von
1187 2094 1358 2122 Rundreim.
1379 2111 1417 2115 —
1443 2093 1468 2128 1,
1489 2093 1508 2124 3
1528 2095 1589 2123 und

267 2131 293 2166 3,
314 2130 333 2160 3
353 2132 420 2160 sind
440 2134 471 2159 in
486 2129 724 2167 gleichmil'siger
737 2131 838 2157 Weise
853 2131 902 2157 ein
916 2130 1081 2166 Vorschlag
1095 2131 1146 2158 des
1159 2131 1318 2167 folgenden
1332 2134 1536 2162 Hexameters.
1550 2148 1589 2152 —

269 2170 294 2205 1,
315 2169 333 2199 6
353 2168 526 2219 wiederhol‘t
546 2168 609 2195 sich
630 2169 661 2195 in
682 2166 709 2201 2,
730 2166 757 2202 2,
777 2168 837 2195 und
858 2168 933 2195 muss
954 2169 1031 2196 wohl
1052 2169 1229 2206 libertragen
1249 2171 1384 2199 werden:
1407 2172 1507 2207 „Hore
1527 2171 1590 2200 und

268 2210 342 2243 sieh‚
361 2207 501 2237 weshalb.

729 2261 799 2292 396.
834 2262 872 2291 ln
893 2262 1112 2294 Pentecoste.

510 2325 540 2356 1.
567 2322 677 2355 Lectio
703 2324 834 2355 actuum
860 2323 1090 2366 apostoloram,

570 2372 608 2404 In
633 2380 695 2411 qua
720 2370 852 2411 spiritus
877 2371 980 2402 sancti
1005 2371 1176 2412 gloriosum

567 2419 748 2451 Poterimus
772 2427 904 2450 noscere
927 2419 1113 2455 adventum.
