1653 2689
686 286 755 317 325.
786 286 825 316 ln
847 285 960 316 sancti
980 283 1127 317 Nicolai.
1143 258 1162 273 Ἴ
1179 264 1194 309 *s
1210 265 1216 270 Δ
1231 261 1255 289 '¹
1291 275 1294 278 ⁴
1323 261 1353 275 ‘⁴

377 378 408 411 1.
435 375 595 408 Praesulis
621 372 758 414 insignis
785 373 909 405 Nicolai
937 372 1066 404 vocibus
1090 368 1168 404 alt-is

432 423 548 455 Annua
574 421 710 462 pacifice
734 421 907 452 iubilentur
932 420 1069 461 cantica,
1095 424 1233 458 namque

505 465 620 495 Statuit
639 467 667 495 ei
685 465 840 494 Dominus
861 466 1068 493 testamentum
1084 462 1176 500 pacis

505 508 531 533 et
546 505 719 542 principem
739 503 810 539 fecit
828 511 905 537 cum,

377 548 408 580 2.
435 544 552 578 Officio
578 546 710 584 dignum
737 545 790 584 qui
816 544 922 574 sanxit
947 543 1106 583 praesulis
1132 541 1238 580 illum,

502 592 536 618 ut
557 590 596 618 sit
616 589 662 617 illi
683 587 844 617 sacerdotii
864 587 1010 625 dignitas,

375 633 408 665 3.
433 631 483 662 Ac
508 630 569 661 sibi
597 639 654 669 per
682 630 814 662 Petrum
841 629 999 661 concessit
1024 628 1064 660 ab
1090 628 1182 660 hoste
1205 625 1406 666 triumphum

502 675 536 702 in
557 677 718 702 aeternum.

329 754 418 789 Trop.
441 761 492 779 ms.
515 752 802 788 Sammaglorianum
823 761 899 780 saec.
924 750 967 780 12.
1008 752 1080 780 Cod.
1101 750 1229 778 Parisin.
1253 746 1362 776 13252.

706 883 776 913 326.
807 883 846 913 ln
867 883 979 914 sancti
999 882 1113 913 Pauli.

377 975 409 1006 1.
435 972 530 1014 Ecce,
560 972 654 1003 fidem
682 973 786 1012 magni
814 973 958 1004 recolens
985 972 1126 1004 doctoris
1151 971 1183 1002 iu
1211 969 1289 1002 orbe

432 1020 599 1052 Ecclesiae
626 1021 730 1052 e1erus
755 1030 841 1052 nunc
865 1021 933 1052 eius
958 1029 1037 1051 voce
1061 1019 1214 1051 resuiiet:

505 1063 585 1099 Sem,
607 1065 657 1094 cui
677 1064 799 1100 credidi,
820 1068 847 1094 et
868 1068 965 1094 certus
987 1073 1054 1093 sum

377 1108 408 1139 2.
437 1106 607 1138 Certamen
634 1107 788 1138 certando
816 1107 929 1138 bonum
957 1113 1147 1146 cursumque
1171 1103 1311 1143 fidelem,

507 1151 581 1187 quia
600 1153 708 1188 potens
728 1154 771 1180 est
791 1151 961 1189 depositum
982 1159 1077 1179 meum
1100 1157 1217 1179 servare

379 1194 410 1225 3.
438 1191 474 1222 In
501 1192 580 1223 solio
607 1193 696 1232 regni
723 1193 862 1224 reddens
889 1193 947 1224 boc
975 1191 1223 1233 centuplicatum

506 1246 538 1264 υι
561 1236 643 1265 illum
667 1236 742 1266 ditm
765 1237 867 1265 iustus
889 1237 988 1266 iudeoe.

333 1317 420 1351 Trop.
448 1323 500 1342 ms.
522 1315 712 1342 Martialense
742 1323 817 1342 saec.
846 1314 888 1342 11.
940 1315 1010 1343 Οοᾶ.
1031 1314 1159 1342 Parisin.
1187 1311 1270 1341 1084.
1299 1314 1336 1341 A.
1355 1328 1393 1332 —
1413 1315 1502 1350 Trop.
1523 1323 1576 1342 ms.

256 1353 447 1380 Martialense
476 1362 552 1380 saec.
586 1353 625 1380 11.
654 1355 693 1380 iu.
735 1354 804 1380 Cod.
828 1354 952 1380 Pan-isin.
984 1351 1065 1380 1121.
1089 1353 1120 1380 B.
1144 1367 1180 1371 —-
1200 1352 1288 1388 Trop.
1309 1361 1363 1380 ms.
1383 1352 1577 1380 Martialense

256 1400 333 1419 saec.
358 1391 399 1419 11.
440 1391 510 1418 Cod.
532 1391 659 1418 Par-isin.
680 1389 744 1418 909.
767 1392 798 1419 C.
819 1407 856 1410 -
877 1392 964 1427 Trop.
986 1400 1038 1418 ms.
1061 1392 1091 1419 S.
1113 1390 1235 1417 Martini
1255 1391 1479 1418 Lemovioensis
1499 1398 1577 1419 saec.

259 1428 303 1456 11.
332 1431 370 1457 iu.
418 1429 488 1456 Cod.
517 1429 643 1456 Parisin.
673 1427 754 1456 1120.
783 1431 817 1457 D⁴
848 1445 883 1448 —
910 1430 997 1466 Trop.
1026 1439 1068 1456 ms
1106 1429 1136 1456 S.
1164 1428 1328 1463 Martini(?)
1354 1430 1576 1457 Lemovicenais

257 1476 333 1495 saec.
366 1466 408 1495 11.
459 1467 529 1494 Cod.
559 1468 684 1494 Pan-isin.
716 1466 780 1494 587.
804 1468 836 1494 E.
868 1483 905 1486 —
937 1469 1024 1504 Trop.
1051 1477 1103 1495 ms.
1126 1467 1154 1494 S.
1177 1468 1334 1503 Augustini
1354 1467 1576 1496 Lemovicensis

257 1514 332 1533 saec.
363 1505 406 1532 11.
453 1505 523 1532 Cod.
546 1506 671 1532 Parisin.
705 1504 775 1532 1119
806 1507 836 1533 F.
861 1521 893 1524 -
920 1506 946 1537 1.
978 1505 991 1534 1
1014 1507 1145 1542 Martyro
1168 1506 1266 1541 magni
1287 1505 1407 1542 ADEF3
1428 1507 1453 1534 B
1473 1506 1533 1534 und
1553 1507 1577 1535 C

258 1547 356 1572 setzen
376 1553 412 1571 zu
429 1543 523 1577 „Ecce
542 1543 643 1570 fidem“
661 1544 707 1570 die
724 1544 835 1571 Rubi-ik
849 1553 855 1569 :
876 1546 921 1572 vel
939 1546 1111 1579 Martyrium
1126 1544 1280 1579 (Mar-tyrio
1297 1543 1350 1578 B);
1372 1545 1472 1572 orbem
1485 1545 1524 1572 A.
1538 1559 1576 1564 —

256 1580 276 1608 2
296 1581 381 1610 fidele
402 1581 464 1609 AD.
487 1597 523 1600 —
543 1581 561 1609 3
583 1591 671 1616 regna
697 1583 729 1609 1).

710 1715 779 1744 327.
813 1715 850 1744 111
871 1715 982 1745 sancti
1001 1715 1115 1745 Pauli.

377 1804 408 1836 1.
436 1803 553 1834 Paulus
579 1803 626 1833 sic
651 1802 738 1834 fatur
764 1804 891 1835 Christo
921 1805 1056 1836 debente
1083 1803 1244 1836 beandus:

508 1846 586 1881 Seio,
608 1848 658 1876 cui
679 1847 802 1883 credidi,
823 1851 849 1877 et
872 1852 969 1878 certus
991 1858 1068 1885 sum,

374 1891 406 1922 2.
435 1888 586 1920 Creditor
611 1895 658 1920 est
686 1899 792 1931 verax,
822 1895 942 1922 certum
969 1900 1060 1931 quem
1087 1899 1215 1929 semper
1241 1890 1366 1923 habebo

508 1934 579 1969 quia
597 1937 705 1970 potens
729 1938 771 1963 est
793 1934 959 1971 depositum
981 1945 1075 1964 meum
1096 1943 1224 1969 servare,

376 1977 407 2008 3.
435 1973 497 2005 Hic
522 1975 600 2005 mihi
627 1977 761 2007 certanti
789 1977 926 2016 palmam
954 1977 1086 2009 donabit
1111 1985 1277 2008 amoenam

508 2019 541 2047 in
565 2019 650 2047 illum
673 2020 747 2048 cllem
772 2021 870 2050 iustus
892 2021 982 2050 iudex

338 2098 418 2133 Trop
449 2106 501 2124 ms.
522 2098 778 2126 Heidenhemense
799 2108 875 2126 saec.
899 2099 941 2126 11.
983 2100 1054 2128 Cod.
1068 2101 1213 2128 Oxonien.
1229 2100 1308 2128 Seld.
1323 2109 1413 2137 supra
1427 2099 1473 2128 27.
1487 2101 1523 2130 A.
1539 2116 1580 2120 —

257 2136 346 2172 Trop.
368 2145 420 2164 ms.
436 2135 464 2162 S.
480 2135 594 2162 Amulfi
608 2137 750 2163 Metensis
764 2147 839 2164 saec..
859 2136 901 2165 12.
917 2140 957 2165 in.
988 2139 1059 2166 Uod.
1074 2140 1182 2166 Meten.
1194 2137 1259 2166 452.
1274 2139 1308 2166 Β.
1323 2154 1358 2158 -
1370 2137 1532 2176 [C]redit0r
1543 2140 1578 2167 A.

717 2268 786 2298 2:28.
817 2269 855 2298 In
877 2269 988 2300 sancti
1010 2270 1122 2300 Pauli.

380 2359 410 2392 1.
438 2357 564 2390 Caelica
591 2358 758 2397 suspirans
785 2368 839 2390 vas
866 2359 985 2390 Christi
1005 2361 1134 2400 gaudia,
1163 2360 1290 2403 Paulus,

433 2405 575 2446 Optabat
601 2404 748 2445 fragilem
775 2415 900 2438 carnem
929 2407 1090 2447 deponere
1117 2409 1246 2444 dicens:

511 2449 589 2486 Scio,
610 2451 662 2481 cui
682 2449 804 2485 credidi,
825 2454 851 2480 et
871 2455 968 2481 certus
990 2460 1066 2487 sum,
