1653 2689
43 127 46 130 Δ
92 125 97 133 .

1 99 27 130 '3-
711 113 758 118 —
809 93 877 130 247
927 113 976 118 —

254 187 468 222 Benedictum
945 200 1027 223 vox:
1054 191 1134 223 haec
1161 194 1209 223 est
1234 192 1286 225 via

305 244 387 277 quae
412 237 511 269 mittit
536 238 578 270 ad
603 242 703 278 astra,
946 239 1114 271 Benedicti
1139 238 1220 272 mira

257 283 318 316 hac
345 283 397 317 die
424 285 497 317 dum
946 291 978 318 et
1003 287 1158 327 speciosa.

307 332 390 373 petit
415 333 518 365 laetus
545 343 672 374 supera.
875 337 906 369 6.
949 335 1123 368 Cantantes
1149 334 1266 367 adiuva

185 382 217 413 5.
259 379 416 421 Splendet
440 381 590 420 lampade
609 385 698 414 vaste
715 386 814 421 terra,
946 383 1014 414 sine
1040 381 1102 414 fine
1128 383 1168 414 de
1193 386 1234 415 te.

256 429 437 468 proclamat
463 429 582 461 caelica

266 511 389 541 Collect.
418 521 470 540 ms.
492 513 721 546 Floriacensesf)
749 524 824 541 saec.
857 513 899 542 11.
941 515 1010 542 Cod.
1033 517 1174 542 oxonien.
1197 515 1280 543 Bodl.
1306 512 1351 543 38.
1373 531 1409 533 —
1431 513 1461 545 3,
1489 514 1506 541 6

187 551 308 578 laetaris
331 560 453 587 semper.
475 566 512 570 -
532 551 560 584 4,
581 551 598 579 5
619 552 785 579 Florid÷12
798 553 986 580 Floriacum?
1007 569 1043 573 —
1066 554 1252 589 Reimprosa3
1281 555 1311 581 in
1332 553 1382 580 der
1402 554 1507 588 Quclle

188 589 261 616 alles
289 589 366 618 ohne
391 590 565 618 Abschnitte
591 590 650 618 und
677 591 826 618 initialen.
848 606 885 609 —
903 591 965 619 Der
992 593 1024 618 in
1050 591 1101 618 der
1125 592 1310 628 Tropierung
1336 593 1509 619 verwobene

186 627 262 655 Text
289 627 340 655 des
370 628 480 655 Versus
506 629 729 655 Alleluiaticus:
766 629 922 665 „Doctor
949 629 1107 661 Christi,
1138 630 1356 664 Benedicte,
1385 638 1508 658 mona·

185 665 338 693 chorum
367 669 489 702 pater,
518 667 708 694 intercede
737 676 802 703 pro
830 676 939 704 grege
967 667 1060 695 tu0“.

555 778 623 809 450.
655 778 694 807 In
715 787 744 809 s.
766 779 929 809 Iohannis
951 779 1144 818 Baptistae.

428 860 445 891 1
493 858 645 890 Mulieris
671 868 816 890 marcens
840 864 953 890 venter
979 860 1053 891 dum
1078 859 1219 900 virescit,

491 906 574 938 Dum
602 910 748 938 senectus
774 915 846 938 sera
871 907 1057 942 iuvenescit,

539 954 634 994 Legis
660 954 770 988 nubes,

537 1001 648 1033 Novus
676 1002 776 1041 pubes

432 1053 450 1082 5
493 1049 636 1081 Nascens
663 1049 824 1089 elucescit,

491 1098 660 1129 Periturae
685 1097 875 1136 praedicans
904 1094 922 1113 *
950 1097 1047 1138 plebi,
1075 1097 1159 1136 quod
1186 1097 1319 1128 recessit

491 1145 595 1178 Vetus
621 1144 825 1176 observantia
853 1142 871 1160 '³‘
900 1145 989 1186 legiS,
1017 1149 1048 1176 et
1073 1144 1209 1176 accessit

539 1192 678 1232 Tempus
703 1196 827 1232 gratum
853 1193 985 1234 gratiae,

583 1239 673 1279 Quod
700 1242 821 1279 primus
849 1240 970 1271 detexit

406 1288 447 1320 10
536 1287 612 1318 Vias
636 1288 862 1327 paenitentiae,

586 1335 650 1366 Per
675 1344 752 1374 quas
776 1344 834 1367 nos
860 1336 1026 1377 provexit3

537 1382 620 1414 Nam
645 1383 743 1414 maris
766 1387 798 1414 et
823 1382 960 1414 feminae

587 1430 689 1462 Natus
715 1441 779 1462 non
805 1430 946 1462 surrexit

493 1475 621 1520 [Maior
644 1477 795 1510 Iohanne
820 1476 1004 1521 Baptista]

268 1562 405 1590 Cantion.
427 1571 479 1589 ms.
501 1564 581 1590 Petri
602 1563 638 1590 de
658 1563 782 1591 Medicis
805 1561 974 1599 [Gallicum]
997 1572 1071 1592 sace.
1096 1562 1139 1591 153.
1174 1563 1244 1591 Cod.
1260 1564 1452 1591 Laurentian.
1468 1564 1511 1591 Pl.

190 1599 236 1628 29.
262 1599 286 1627 1.
307 1602 342 1628 A.
358 1615 395 1620 —-
417 1601 544 1633 Flacius,
560 1601 610 1628 Nr.
627 1602 790 1630 CXXXIX.
805 1603 838 1628 B.
854 1617 889 1620 —-
902 1601 918 1629 5
934 1603 1027 1629 Natus
1042 1604 1075 1629 B.
1098 1617 1132 1620 —
1155 1602 1172 1630 6
1187 1602 1340 1630 Pariturae
1362 1603 1513 1637 praedicat

185 1639 266 1676 plebi
296 1648 373 1676 quae
401 1640 434 1667 B.
456 1655 491 1658 —
514 1638 531 1665 7
558 1640 659 1667 Virtus
688 1641 724 1666 oh
753 1642 924 1668 instantiam
953 1641 1026 1677 legis
1055 1643 1087 1667 ut
1116 1641 1258 1674 arescittlj
1278 1642 1311 1670 B,
1332 1655 1370 1658 —
1390 1640 1407 1667 9
1429 1643 1510 1676 Quae

187 1679 269 1714 prius
297 1679 330 1705 Β.
352 1693 389 1698 —-
415 1676 449 1705 12
476 1679 579 1706 matris
608 1688 643 1706 ex
671 1680 783 1706 semine
810 1679 843 1706 B.
864 1695 900 1699 —
926 1678 960 1706 13
988 1681 1081 1707 Natus
1109 1681 1203 1707 maior
1231 1689 1289 1706 non
1316 1681 1348 1706 B.
1370 1694 1403 1697 —
1428 1681 1461 1707 In
1487 1680 1512 1706 A

185 1717 263 1753 folgt
285 1725 332 1743 am
355 1716 512 1745 Schlusse:
536 1715 730 1753 „Mulier[u
739 1716 807 1753 m]“.
829 1733 866 1736 —
880 1718 1092 1746 Zweifelsohne
1109 1718 1293 1754 Tropierung
1307 1727 1371 1745 zum
1387 1719 1510 1746 Versus:

190 1755 330 1787 „Maior
351 1757 453 1782 inter
473 1758 584 1783 natos
605 1753 809 1783 mulierum
832 1757 1020 1793 propheta
1040 1757 1182 1784 Ioanne
1204 1757 1385 1792 Baptista
1406 1766 1510 1785 nemo

187 1791 273 1821 est“.
314 1794 367 1821 Als
388 1793 500 1821 Versus
521 1794 728 1822 Alleluiaticus
754 1795 851 1822 kenne
873 1796 919 1823 ich
939 1796 1041 1823 diesen
1061 1794 1234 1822 Schrifttext
1254 1798 1338 1822 sonst
1357 1796 1453 1826 nicht:
1481 1805 1512 1822 er

187 1832 281 1860 bildet
300 1834 341 1859 im
363 1833 486 1860 Brevier
507 1831 562 1859 den
584 1831 623 1861 V.
646 1841 711 1860 zum
733 1834 820 1868 Resp.
841 1834 892 1861 der
914 1833 939 1862 7.
960 1835 1073 1862 Lectio.
1114 1833 1272 1861 Vielleicht
1292 1835 1355 1861 also
1380 1835 1417 1861 ist
1438 1834 1511 1861 Vor-

188 1871 344 1899 stehendes
367 1871 416 1899 ein
436 1871 574 1899 Verbeta.

555 1984 623 2016 4¹31.
656 1985 694 2014 In
716 1994 744 2016 s.
766 1985 928 2017 Iohannis
951 1985 1145 2024 Baptistae.

201 2059 218 2090 1
259 2056 409 2090 Clamans
435 2055 468 2087 in
495 2056 636 2098 deserto,
978 2056 1093 2089 Prodit
1118 2067 1156 2089 ex
1183 2058 1295 2098 effeta3

259 2104 387 2137 Docens
413 2104 446 2135 in
473 2108 597 2144 aperto,
897 2106 940 2138 10
978 2106 1076 2138 Partu
1103 2107 1222 2138 sterilis
1249 2106 1283 2138 fit
1310 2108 1405 2139 laeta.

261 2153 337 2185 Vias
363 2152 493 2185 Domini
519 2151 577 2184 sub
605 2156 692 2185 certo
1025 2153 1146 2193 Culpae
1174 2154 1284 2185 fomite

308 2202 434 2234 Parans
458 2200 600 2242 tramite,
1075 2203 1184 2234 Proles
1210 2203 1313 2235 iiber-a

199 2252 217 2282 5
260 2249 381 2282 Summi
406 2257 525 2288 praeco
552 2248 648 2290 regis,
977 2251 1104 2290 Agnum
1131 2251 1217 2283 lavat
1244 2250 1406 2291 mundum,

261 2297 375 2329 Novae
401 2296 510 2336 lingua
535 2295 624 2337 legis,
976 2298 1213 2330 Emundantem
1240 2298 1402 2339 mundum,

262 2345 383 2378 Rector
409 2344 526 2384 gregis,
895 2347 937 2378 15
1077 2348 1136 2385 Qui
1163 2352 1319 2387 expurgat
1347 2347 1479 2379 scelera.

310 2393 384 2426 Dux
410 2391 558 2424 caelestis
585 2391 718 2423 semitae
