1653 2689
763 92 1002 127 -40-

561 223 612 252 50.
643 223 681 253 In
703 231 731 254 s.
753 222 916 253 Iohannis
937 221 1190 260 Evangelistae.

654 304 685 336 1.
712 302 819 334 Hodie
845 301 1010 333 candidati

713 349 916 382 sacerdotum
943 349 1032 380 chori

713 396 838 428 centeni
863 400 896 427 et
919 395 1043 428 milleni

712 443 907 476 ooninbilent
935 443 1062 475 christo

714 491 894 530 dilectoque
919 499 976 522 suo

757 539 906 579 Iohanni,

219 628 278 660 22.
313 626 411 665 Quem
437 625 520 657 stola
903 623 966 658 2b.
997 624 1022 656 Ο
1050 632 1125 656 vere

311 673 430 713 gloriae
456 673 600 704 indutum
628 671 723 705 hodie
996 675 1152 710 sanctum,
1171 670 1368 704 laudabilem
1386 671 1530 713 interra,

310 721 379 760 ipse
404 721 436 752 in
463 720 642 752 convivium
998 719 1079 752 caeli
1104 728 1179 752 arce
1205 720 1428 760 splendentem

310 769 450 808 suscepit
474 772 648 800 aeteruum.
996 768 1029 799 in
1054 767 1158 807 gloria
1182 768 1317 809 magna!

503 856 535 887 3,
561 853 712 895 Alleluia,
739 853 940 896 sacerdotes,
969 854 1027 892 eia,
1054 853 1225 886 iubilemus

565 901 634 933 Deo
657 902 688 933 in
717 901 810 933 beato
837 901 978 933 Iohanne
1004 902 1162 943 theologo,

615 950 709 982 celsa
734 958 811 981 voce
837 953 867 980 et
895 949 1005 981 humili

612 996 720 1035 corde,
748 997 807 1038 eia,
836 997 953 1030 dieite:

560 1045 642 1077 Ecce
667 1045 733 1076 iam
761 1044 924 1077 Iohannis
950 1045 1041 1077 adest
1066 1047 1121 1078 etc.

289 1130 376 1164 Trop.
406 1138 456 1155 ms.
485 1129 691 1156 wintoniense
719 1138 794 1156 saec.
825 1127 866 1156 10.
897 1138 940 1156 ex.
982 1129 1052 1156 Cod.
1073 1129 1217 1157 Oxonien.
1239 1127 1323 1155 Bodl.
1352 1126 1415 1155 775.
1437 1128 1472 1154 A.
1494 1142 1532 1146 —

211 1167 298 1202 Trop.
320 1176 371 1193 ms.
387 1166 591 1194 &Vintoniense
614 1175 689 1194 saec.
718 1166 760 1194 11.
793 1167 863 1194 cod.
885 1167 958 1196 Coll.
981 1168 1066 1203 Corp.
1089 1168 1200 1195 Christi
1218 1167 1438 1201 cantabrigien.
1463 1164 1530 1193 473.

212 1207 243 1232 Β,
272 1221 307 1224 -
335 1205 421 1239 Trop.
451 1214 501 1232 ms.
529 1205 735 1232 Glastoniense
762 1206 1018 1238 (PCantuariense)
1046 1213 1122 1234 saec.
1152 1204 1194 1232 11.
1225 1214 1268 1232 ex.
1295 1204 1335 1237 (et
1364 1203 1419 1238 12.)
1459 1204 1530 1232 Cod.

210 1243 374 1270 Londinen.
396 1243 488 1278 Calig.
511 1244 535 1270 A
559 1243 639 1270 XIV.
662 1244 693 1271 C.
714 1258 749 1261 —
771 1244 857 1279 Trop.
883 1252 934 1270 ms.
957 1245 1244 1279 Sammaglorianum
1268 1251 1344 1271 saec.
1374 1241 1417 1269 12.
1459 1242 1530 1270 cod.

210 1282 336 1308 Parisin.
361 1280 466 1309 13‘252.
482 1282 519 1308 D.
540 1295 576 1299 —
606 1282 629 1312 l,
650 1280 669 1308 4
690 1281 873 1308 couiubilant
888 1282 947 1308 CD.
969 1296 1006 1300 —
1027 1280 1079 1313 2b.
1102 1281 1120 1309 2
1140 1283 1170 1308 in
1191 1283 1276 1309 terris
1292 1281 1324 1308 C.
1346 1297 1381 1301 -—
1402 1280 1429 1314 3,
1451 1279 1469 1308 5
1491 1283 1531 1308 ist

212 1320 259 1346 die
283 1319 522 1354 vorhergehende
536 1319 718 1346 Introductio
738 1318 798 1352 (ΝΥ.
820 1318 883 1352 48);
907 1323 977 1347 statt
998 1320 1102 1347 dessen
1123 1320 1196 1355 folgt
1217 1321 1248 1346 in
1263 1321 1289 1347 D
1309 1319 1360 1346 der
1373 1319 1529 1346 Introitus-

212 1362 327 1393 tropus:
354 1355 473 1384 Caelica
495 1355 642 1385 caelestem
662 1357 695 1388 (s.
717 1358 983 1393 Introitustropen).
1005 1373 1042 1376 —
1062 1358 1138 1385 Titel
1158 1359 1188 1385 in
1209 1358 1234 1385 A
1255 1357 1314 1385 und
1336 1358 1376 1385 B:
1400 1357 1528 1393 „versus

213 1400 279 1423 ante
311 1396 444 1422 Officium
476 1397 506 1422 in
537 1396 643 1423 Natale
674 1405 696 1422 s.
728 1395 901 1429 Iohannis“;
934 1397 962 1422 in
995 1396 1036 1423 D:
1069 1397 1175 1432 ⁷„Tropi
1207 1396 1242 1423 de
1273 1406 1295 1424 s.
1326 1395 1458 1423 Iohanne
1492 1396 1529 1423 ad

212 1433 459 1461 Processionem“.
482 1448 517 1452 ——
540 1434 574 1460 In
596 1435 646 1460 ΑΒ
675 1434 752 1460 steht
781 1443 833 1460 vor
859 1432 903 1461 2a
931 1434 977 1461 die
999 1435 1127 1462 Rubrik:
1159 1433 1383 1469 „Sacerdotes“‚
1410 1442 1463 1461 vor
1484 1433 1528 1461 2b

216 1472 402 1505 „Cantores⁰,
424 1480 476 1499 vor
497 1470 515 1499 3
538 1471 754 1507 „Sacerdotes“.

559 1603 609 1634 51.
640 1604 677 1633 In
699 1611 727 1634 s.
750 1604 912 1634 Iohannis
933 1604 1183 1640 Evangelistae.

465 1684 597 1716 Milibus
624 1684 747 1723 argenti
773 1684 885 1714 melior
909 1684 979 1714 laus
1005 1683 1067 1715 ista
1094 1685 1143 1715 vel
1169 1685 1254 1716 auri:

509 1731 553 1762 In
578 1731 683 1763 medio
711 1731 858 1763 ecclesiae
883 1730 1012 1771 aperuit
1037 1741 1071 1763 os
1098 1732 1166 1763 eius
1192 1736 1252 1764 etc.

286 1816 373 1850 Trop.
393 1823 447 1842 ms.
468 1815 705 1843 Emmeramense
726 1824 802 1843 saec.
826 1814 898 1842 ¹¹!12.
938 1816 1012 1843 Clm.
1033 1817 1186 1844 Monacen.
1210 1815 1318 1846 14083.
1339 1820 1373 1846 A.
1390 1833 1425 1838 —
1439 1819 1530 1856 Trop.

211 1863 263 1881 mc.
286 1853 539 1881 Heidenhemense
560 1862 635 1881 saec.
660 1853 702 1881 11.
744 1854 813 1881 eod.
835 1853 978 1882 Oxonien.
1001 1854 1078 1882 Seld.
1100 1864 1189 1892 supra
1210 1854 1254 1884 27.
1276 1857 1308 1884 B.
1324 1872 1362 1876 —
1382 1858 1417 1884 In
1438 1858 1461 1886 B
1483 1859 1529 1886 als

210 1893 389 1919 Introductio
414 1893 468 1925 „ad
487 1891 617 1919 Glorla“.

630 1985 679 2016 522.
710 1985 749 2015 In
771 1986 881 2017 sancti
903 1986 1094 2017 Michaelis.

357 2065 472 2101 Dicite,
501 2065 576 2104 quid
603 2063 720 2103 colitis,
749 2064 874 2103 fratres,
903 2066 979 2106 quid
1006 2066 1098 2098 statis
1123 2068 1155 2099 in
1183 2067 1338 2109 hymnis?

353 2112 462 2144 Turba
487 2122 556 2144 cum
582 2113 730 2152 angelica
756 2112 946 2145 Michaelem
971 2114 1068 2146 laude
1093 2116 1246 2158 iucunda,

354 2160 542 2201 Caelicolas,
569 2169 720 2200 proceres
746 2161 884 2202 Domini,
913 2162 953 2193 de
978 2171 1108 2194 munere
1135 2163 1265 2198 fratreS.

353 2208 394 2240 Hi
420 2208 521 2240 nostri
547 2207 626 2242 socii
652 2209 793 2241 renitent
816 2209 1008 2249 Dominique
1033 2208 1187 2253 ministri3

350 2256 417 2288 Hos
443 2255 699 2289 benedicendum
726 2257 884 2289 cantando
911 2257 1029 2290 ciamus
1055 2259 1097 2290 ad
1123 2260 1250 2300 ipsum:

422 2304 610 2337 Benedicite
634 2304 828 2347 Dominum,
856 2315 965 2337 omnes
991 2306 1101 2347 augeli
1126 2309 1194 2340 eius
1221 2313 1282 2342 etc.

280 2389 368 2424 Trop.
390 2397 443 2416 ms.
463 2388 674 2416 Moissiacense
695 2397 770 2416 saec.
795 2387 838 2416 11.
880 2389 949 2417 Cod.
970 2390 1097 2419 Parisin.
1119 2394 1213 2422 Nouv.
1233 2401 1298 2430 aeq.
1322 2393 1404 2423 1871.
