1653 2689
595 88 602 97 ,
660 94 662 96 .
684 96 944 151 -'''‘''1'o‘3‘“³-'-

531 207 558 241 d
572 217 643 249 218.
673 217 714 248 In
732 216 844 249 sancti
865 214 1054 246 Benedicti.

297 294 330 328 1.
356 294 492 328 Cantica
516 305 602 328 nunc
627 295 761 328 reboent
786 296 868 328 sacri
895 293 1066 334 praeconia
1091 295 1211 334 patris:

410 339 453 370 Os
473 340 551 370 iusti
571 340 766 370 meditabitur
786 339 978 377 sapientiam,

294 380 328 412 2.
353 378 472 413 Sancta
498 381 592 414 docet
616 385 754 421 sanctos,
782 381 862 412 dura
887 389 1012 420 quoque
1038 379 1186 419 dogmata
1210 389 1337 420 pravos,

408 428 435 454 et
454 426 560 463 linqua
581 426 646 454 eius
667 425 806 462 loquetur
826 424 972 453 iudicium

294 465 327 500 3.
355 465 475 505 Optata
500 475 648 498 reserans
673 475 785 498 sacrae
811 466 989 505 penetralia
1015 465 1106 505 legis,

407 511 455 540 lex
473 510 536 540 Dei
555 511 621 540 eius
642 511 675 539 in
697 510 784 540 eorde
804 510 912 546 ipsius.

225 569 313 604 Trop.
341 577 395 596 ms.
421 570 614 597 Martialense
641 578 717 596 saec.
749 567 791 596 10.
833 569 902 596 cod.
925 569 1051 596 l’arisin.
1083 568 1163 597 1084,
1186 570 1219 596 A.
1242 584 1279 587 —
1298 569 1385 604 Trop.
1414 577 1466 595 ms.

149 606 341 635 Martialense
370 615 446 635 saec.
476 606 519 635 11.
547 608 588 635 in.
629 607 699 634 Cod.
720 607 848 634 Parisin.
880 606 960 634 1121.
985 609 1014 634 Β.
1045 622 1072 625 -
1094 610 1180 644 Trop.
1204 617 1255 634 ms.
1277 607 1466 634 Martialense

150 654 226 674 saec.
251 642 294 672 11.
335 644 406 673 Cod.
427 646 556 674 Parisin.
577 644 642 673 909.
664 646 695 674 C.
717 660 754 664 -—-
774 646 861 682 Trop.
885 654 937 672 ms.
959 646 987 673 S.
1011 647 1129 673 Martini
1151 647 1369 674 Lemovicensis
1391 654 1467 672 saec.

149 681 195 712 11.
225 685 266 711 in.
313 682 382 710 Cod.
409 685 536 712 Parisin.
574 682 654 712 1120.
683 685 709 711 D
745 699 783 702 —
809 685 897 720 Trop.
929 694 980 711 ηις.
1008 682 1036 712 S.
1064 685 1221 721 Augustini
1248 685 1468 712 Lemovicensis

147 730 224 750 saec.
256 720 299 749 11.
341 721 411 750 eod.
438 721 564 750 Parisin.
595 721 677 750 1119.
706 722 740 749 Ε.
767 738 803 741 -
831 721 848 749 2
877 724 986 751 Sancta
1013 723 1095 750 decet
1124 725 1179 751 BG.
1202 738 1238 742 —-
1259 721 1276 749 3
1302 724 1412 758 Aptata
1432 723 1466 755 B,

148 761 258 790 obtata
278 760 315 788 D.

567 835 636 866 2²19.
670 836 707 865 ln
729 836 840 866 sancti
863 836 1052 866 Benedicti.

293 915 324 947 1.
352 913 526 956 Laudibus,
555 925 574 946 ο
599 915 783 956 Benedicte⁷
813 916 874 947 tuis
901 916 1016 947 chorus
1043 916 1167 948 insonet
1193 917 1316 948 omnis:

404 959 446 989 Os
468 961 544 989 iusti
563 960 759 989 meditabitur
780 961 972 997 sapientiam,

293 1001 325 1034 2.
353 999 494 1042 Legibus
520 1001 671 1033 informat
699 1002 869 1034 monachos
897 1003 936 1033 de
964 1011 1093 1034 munere
1120 1003 1250 1043 Christi,

405 1049 432 1074 et
451 1046 562 1083 linqua
582 1047 647 1075 eius
669 1047 807 1083 loquetur
829 1046 986 1081 iudicium,

291 1087 324 1120 3.
350 1087 496 1119 Aeterna
522 1092 694 1127 praecepta
721 1093 827 1119 monet
853 1089 920 1119 sine
948 1089 1009 1119 tine
1036 1090 1183 1127 tenenda,

403 1132 450 1161 lez
473 1131 531 1161 Dei
551 1133 616 1161 eius
640 1133 671 1160 in
693 1132 779 1162 eorde
799 1133 907 1169 ipsius.

221 1191 279 1217 Die
300 1189 435 1226 gleichen
457 1191 589 1226 Quellen,
613 1193 667 1219 wie
690 1192 736 1219 bei
758 1192 808 1219 der
829 1192 1087 1227 vorhergehenden
1110 1194 1256 1221 Nummer.
1281 1209 1313 1212 β
1336 1193 1412 1219 'l'itel
1436 1194 1465 1218 in

145 1229 190 1256 D:
212 1229 264 1262 „In
285 1228 481 1257 translatione
503 1239 525 1257 s.
546 1230 698 1257 Benedicti
721 1229 870 1266 trop11os“.
894 1245 931 1248 —-
952 1229 969 1257 3
991 1230 1007 1257 l.
1031 1231 1170 1259 Aeterni?

562 1343 631 1374 ⁶220.
664 1343 702 1372 111
724 1343 837 1373 sancti
858 1343 1049 1373 Benedicti.

340 1422 367 1454 1.
394 1421 465 1454 Vox
493 1432 570 1454 cane
597 1423 727 1454 vinnula
753 1423 928 1454 Davidicas
954 1423 1032 1454 odas
1059 1423 1245 1461 Benedicto.

393 1469 443 1502 Ex
470 1471 558 1502 cuius
585 1471 683 1510 gestis
709 1471 860 1502 caeleztia
888 1472 1036 1510 dogmata
1064 1472 1201 1512 fulgent:

443 1515 484 1544 Os
507 1515 583 1544 iusti
605 1515 798 1544 medita-bitur
820 1516 1014 1552 sapientiam,

332 1556 365 1588 2.
393 1555 524 1588 Cunctis
552 1567 620 1588 cum
648 1557 777 1589 Domini
804 1559 933 1589 verbum
963 1556 1151 1597 patefecerit
1178 1559 1306 1599 almum,

440 1605 466 1630 et
486 1601 592 1639 linqua
614 1603 678 1631 eius
699 1602 838 1639 loquetur
859 1602 1013 1636 insumam,

332 1643 366 1676 3.
394 1643 499 1676 Corde
527 1644 587 1682 piis
613 1644 689 1675 fidei
718 1645 895 1676 doctrinam
923 1645 1192 1686 commemorabit,

439 1689 487 1717 lex
507 1688 569 1718 Dei
589 1689 652 1717 eius
676 1689 707 1716 in
731 1689 816 1718 corde
836 1689 944 1725 ipsius.

221 1745 310 1780 Trop.
332 1754 384 1772 ms.
399 1747 592 1776 Martialense
615 1757 688 1776 saec.
712 1747 747 1775 10
790 1748 860 1776 Cod.
875 1749 1002 1775 Parisiu.
1020 1747 1098 1776 1034.
1116 1750 1180 1776 add.
1197 1760 1271 1777 saec.
1289 1748 1360 1776 ¹¹='1·.!.
1376 1750 1409 1776 A.
1426 1763 1459 1769 —-

138 1783 202 1811 Tro
225 1803 232 1810 .
263 1793 316 1811 ms.
344 1784 557 1814 Moissiaceuse
587 1795 664 1814 saec.
694 1786 736 1814 11.
784 1787 854 1814 Cod.
882 1787 1008 1814 Parisin.
1037 1788 1130 1815 Nouv.
1161 1798 1223 1824 neq.
1255 1786 1335 1815 1871.
1366 1790 1395 1815 B.
1424 1802 1462 1806 —

143 1820 170 1855 1,
193 1793 272 1850 IpZu
296 1823 454 1857 „vinnula“
477 1826 517 1852 im
538 1825 733 1854 Unterschied
754 1834 812 1852 von
836 1826 986 1859 „tinnula“
1009 1826 1066 1862 vgl.
1091 1828 1137 1854 Du
1153 1830 1266 1863 (fatiget
1290 1829 1317 1853 in
1340 1827 1364 1854 B
1385 1827 1462 1854 steht

141 1860 225 1888 nicht
243 1861 369 1890 tinnula.
390 1877 427 1882 -—
450 1863 473 1895 1,
499 1862 517 1891 2
537 1864 629 1900 fulget
649 1864 708 1891 AB.

561 1977 630 2008 221.
662 1978 700 2007 In
722 1978 832 2008 sancti
855 1978 1044 2009 Benedicti.

316 2056 347 2087 1.
377 2055 541 2088 Concentu
567 2058 661 2097 parili
688 2058 825 2090 Domino
851 2058 962 2090 laudes
987 2058 1162 2091 Benedicto

423 2105 547 2145 Pangat
572 2106 604 2137 in
631 2106 766 2137 excelsis
793 2115 869 2146 grex
895 2106 966 2146 pius
993 2110 1025 2138 et
1050 2109 1179 2141 rutilus:

484 2151 551 2185 Eia,
572 2154 629 2186 eia,
651 2150 694 2180 Os
713 2151 790 2180 iusti
809 2151 1003 2180 meditabitur
1024 2152 1216 2188 sapientiam,

314 2190 347 2222 2.
375 2189 444 2228 Qua
471 2189 562 2223 fulsit
585 2201 677 2224 sacer
702 2193 771 2234 ipse
797 2193 858 2225 Dei
885 2193 1045 2233 pollenter
1070 2194 1102 2226 in
1129 2196 1190 2227 isto

422 2238 554 2270 Mortali
583 2249 713 2273 versans
738 2250 874 2281 corpore
900 2241 971 2281 plus
998 2242 1141 2282 reliquis,

485 2286 561 2314 unde
580 2287 608 2314 et
627 2285 736 2324 limqua
755 2286 820 2315 eius
840 2286 979 2323 loquetur
997 2287 1155 2320 iudicium,

312 2325 343 2357 3.
371 2323 500 2356 Sederit
525 2326 557 2357 in
582 2326 663 2359 solio
689 2328 767 2359 caeli
794 2328 890 2360 iudex
919 2329 1095 2371 duodenus,

417 2373 570 2414 Optatam
593 2375 768 2418 monachis,
794 2385 872 2416 quos
897 2386 955 2408 sua
979 2386 1091 2409 norma
1117 2378 1225 2420 dabit3

481 2418 527 2448 Iex
545 2418 607 2448 Dei
627 2419 690 2449 eius
709 2420 744 2449 in
765 2420 851 2451 corde
870 2421 981 2459 ipsius.
