<?xml version="1.0" encoding="UTF-8"?>
<!DOCTYPE html PUBLIC "-//W3C//DTD XHTML 1.0 Transitional//EN"
    "http://www.w3.org/TR/xhtml1/DTD/xhtml1-transitional.dtd">
<html xmlns="http://www.w3.org/1999/xhtml" xml:lang="en" lang="en">
 <head>
  <title>
</title>
<meta http-equiv="Content-Type" content="text/html;charset=utf-8" />
  <meta name='ocr-system' content='tesseract 3.04.00' />
  <meta name='ocr-capabilities' content='ocr_page ocr_carea ocr_par ocr_line ocrx_word'/>
</head>
<body>
  <div class='ocr_page' id='page_1' title='image "./analectahymnica49drevuoft_0200.png"; bbox 0 0 1653 2689; ppageno 0'>
   <div class='ocr_carea' id='block_1_1' title="bbox 0 70 399 169">
    <p class='ocr_par' dir='ltr' id='par_1_1' title="bbox 0 70 399 169">
     <span class='ocr_line' id='line_1_1' title="bbox 0 70 399 169; baseline 0 2520"><span class='ocrx_word' id='word_1_1' title='bbox 0 70 399 169; x_wconf 95' lang='lat' dir='ltr'> </span> 
     </span>
    </p>
   </div>
   <div class='ocr_carea' id='block_1_2' title="bbox 669 98 929 134">
    <p class='ocr_par' dir='ltr' id='par_1_2' title="bbox 669 98 929 134">
     <span class='ocr_line' id='line_1_2' title="bbox 669 98 929 134; baseline -0.004 0"><span class='ocrx_word' id='word_1_2' title='bbox 669 98 929 134; x_wconf 80' lang='lat'>—197—</span> 
     </span>
    </p>
   </div>
   <div class='ocr_carea' id='block_1_3' title="bbox 140 167 1459 233">
    <p class='ocr_par' dir='ltr' id='par_1_3' title="bbox 140 167 1459 233">
     <span class='ocr_line' id='line_1_3' title="bbox 140 167 1459 233; baseline 0.001 -9"><span class='ocrx_word' id='word_1_3' title='bbox 140 167 229 230; x_wconf 35' lang='lat' dir='ltr'>Trou.</span> <span class='ocrx_word' id='word_1_4' title='bbox 245 177 285 222; x_wconf 54' lang='lat' dir='ltr'>&#39;e&#39;t</span> <span class='ocrx_word' id='word_1_5' title='bbox 301 193 386 222; x_wconf 80' lang='lat' dir='ltr'>Pros.</span> <span class='ocrx_word' id='word_1_6' title='bbox 413 202 468 222; x_wconf 81' lang='lat' dir='ltr'>ms.</span> <span class='ocrx_word' id='word_1_7' title='bbox 488 193 607 222; x_wconf 76' lang='lat' dir='ltr'>Arnesti</span> <span class='ocrx_word' id='word_1_8' title='bbox 627 194 787 232; x_wconf 83' lang='lat' dir='ltr'>Pragensis</span> <span class='ocrx_word' id='word_1_9' title='bbox 813 197 883 222; x_wconf 88' lang='lat' dir='ltr'>anni</span> <span class='ocrx_word' id='word_1_10' title='bbox 907 193 990 224; x_wconf 87' lang='grc'>1363.</span> <span class='ocrx_word' id='word_1_11' title='bbox 1032 196 1103 224; x_wconf 87' lang='lat' dir='ltr'>Cod.</span> <span class='ocrx_word' id='word_1_12' title='bbox 1125 198 1221 232; x_wconf 82' lang='lat' dir='ltr'>Capit.</span> <span class='ocrx_word' id='word_1_13' title='bbox 1242 198 1366 233; x_wconf 83' lang='lat' dir='ltr'>Pragen.</span> <span class='ocrx_word' id='word_1_14' title='bbox 1388 198 1411 224; x_wconf 87' lang='lat' dir='ltr'>P</span> <span class='ocrx_word' id='word_1_15' title='bbox 1433 197 1459 226; x_wconf 87' lang='lat'>9.</span> 
     </span>
    </p>
   </div>
   <div class='ocr_carea' id='block_1_4' title="bbox 82 232 1459 271">
    <p class='ocr_par' dir='ltr' id='par_1_4' title="bbox 82 232 1459 271">
     <span class='ocr_line' id='line_1_4' title="bbox 82 232 1459 271; baseline 0.003 -11"><span class='ocrx_word' id='word_1_16' title='bbox 82 234 88 238; x_wconf 87' lang='lat'>&#39;</span> <span class='ocrx_word' id='word_1_17' title='bbox 137 233 176 262; x_wconf 85' lang='lat' dir='ltr'>E.</span> <span class='ocrx_word' id='word_1_18' title='bbox 195 247 234 254; x_wconf 90' lang='lat'><strong>—</strong></span> <span class='ocrx_word' id='word_1_19' title='bbox 251 232 341 269; x_wconf 74' lang='lat' dir='ltr'>Trop.</span> <span class='ocrx_word' id='word_1_20' title='bbox 367 241 421 260; x_wconf 82' lang='lat' dir='ltr'>ms.</span> <span class='ocrx_word' id='word_1_21' title='bbox 444 232 644 269; x_wconf 79' lang='lat' dir='ltr'>Anglicum(?)</span> <span class='ocrx_word' id='word_1_22' title='bbox 663 242 739 261; x_wconf 77' lang='lat' dir='ltr'>saec.</span> <span class='ocrx_word' id='word_1_23' title='bbox 765 232 808 262; x_wconf 83' lang='lat'>13.</span> <span class='ocrx_word' id='word_1_24' title='bbox 827 234 1053 271; x_wconf 82' lang='lat' dir='ltr'>(fragmentum).</span> <span class='ocrx_word' id='word_1_25' title='bbox 1096 235 1166 263; x_wconf 84' lang='lat' dir='ltr'>Cod.</span> <span class='ocrx_word' id='word_1_26' title='bbox 1189 235 1353 263; x_wconf 82' lang='lat' dir='ltr'>Londinen.</span> <span class='ocrx_word' id='word_1_27' title='bbox 1375 237 1459 264; x_wconf 87' lang='lat' dir='ltr'><strong>Harl.</strong></span> 
     </span>
    </p>
   </div>
   <div class='ocr_carea' id='block_1_5' title="bbox 135 269 1459 625">
    <p class='ocr_par' dir='ltr' id='par_1_5' title="bbox 135 269 1459 625">
     <span class='ocr_line' id='line_1_5' title="bbox 140 269 1457 307; baseline 0.002 -7"><span class='ocrx_word' id='word_1_28' title='bbox 140 269 222 300; x_wconf 89' lang='lat'><strong>1010.</strong></span> <span class='ocrx_word' id='word_1_29' title='bbox 239 270 272 300; x_wconf 79' lang='lat' dir='ltr'>F.</span> <span class='ocrx_word' id='word_1_30' title='bbox 293 285 332 290; x_wconf 92' lang='lat'>—</span> <span class='ocrx_word' id='word_1_31' title='bbox 353 270 378 304; x_wconf 91' lang='lat'>1,</span> <span class='ocrx_word' id='word_1_32' title='bbox 399 269 418 298; x_wconf 81' lang='lat'>2</span> <span class='ocrx_word' id='word_1_33' title='bbox 438 273 555 299; x_wconf 84' lang='lat' dir='ltr'>intonat</span> <span class='ocrx_word' id='word_1_34' title='bbox 575 272 606 300; x_wconf 84' lang='lat' dir='ltr'>F.</span> <span class='ocrx_word' id='word_1_35' title='bbox 628 287 667 291; x_wconf 92' lang='lat'>—</span> <span class='ocrx_word' id='word_1_36' title='bbox 690 272 712 303; x_wconf 89' lang='grc'>1,</span> <span class='ocrx_word' id='word_1_37' title='bbox 735 271 753 299; x_wconf 89' lang='grc'><strong>4</strong></span> <span class='ocrx_word' id='word_1_38' title='bbox 774 273 832 300; x_wconf 87' lang='lat' dir='ltr'>Hic</span> <span class='ocrx_word' id='word_1_39' title='bbox 855 274 892 306; x_wconf 78' lang='lat' dir='ltr'>F;</span> <span class='ocrx_word' id='word_1_40' title='bbox 914 274 1005 300; x_wconf 80' lang='lat' dir='ltr'>recita</span> <span class='ocrx_word' id='word_1_41' title='bbox 1027 273 1059 306; x_wconf 88' lang='lat' dir='ltr'>C,</span> <span class='ocrx_word' id='word_1_42' title='bbox 1083 276 1244 302; x_wconf 78' lang='lat' dir='ltr'><strong>recitantur</strong></span> <span class='ocrx_word' id='word_1_43' title='bbox 1264 274 1296 307; x_wconf 90' lang='lat' dir='ltr'>B,</span> <span class='ocrx_word' id='word_1_44' title='bbox 1317 277 1457 302; x_wconf 80' lang='lat' dir='ltr'>recitatus</span> 
     </span>
     <span class='ocr_line' id='line_1_6' title="bbox 137 306 1456 346; baseline 0.002 -9"><span class='ocrx_word' id='word_1_45' title='bbox 137 310 170 340; x_wconf 88' lang='lat' dir='ltr'>F.</span> <span class='ocrx_word' id='word_1_46' title='bbox 189 324 229 330; x_wconf 89' lang='lat'>—-</span> <span class='ocrx_word' id='word_1_47' title='bbox 249 306 276 342; x_wconf 82' lang='lat'>2,</span> <span class='ocrx_word' id='word_1_48' title='bbox 303 308 317 337; x_wconf 93' lang='grc'>1</span> <span class='ocrx_word' id='word_1_49' title='bbox 331 310 502 338; x_wconf 79' lang='lat' dir='ltr'><strong>Proclamat</strong></span> <span class='ocrx_word' id='word_1_50' title='bbox 514 310 578 338; x_wconf 80' lang='lat' dir='ltr'>AD.</span> <span class='ocrx_word' id='word_1_51' title='bbox 600 325 636 330; x_wconf 94' lang='lat'><strong>—</strong></span> <span class='ocrx_word' id='word_1_52' title='bbox 658 309 685 344; x_wconf 82' lang='lat'>2,</span> <span class='ocrx_word' id='word_1_53' title='bbox 707 309 724 337; x_wconf 82' lang='lat'><strong>2</strong></span> <span class='ocrx_word' id='word_1_54' title='bbox 743 314 863 339; x_wconf 86' lang='lat' dir='ltr'>sanctus</span> <span class='ocrx_word' id='word_1_55' title='bbox 886 312 919 339; x_wconf 83' lang='lat' dir='ltr'>A.</span> <span class='ocrx_word' id='word_1_56' title='bbox 942 325 979 329; x_wconf 89' lang='lat'>—</span> <span class='ocrx_word' id='word_1_57' title='bbox 994 311 1020 344; x_wconf 80' lang='lat'>3,</span> <span class='ocrx_word' id='word_1_58' title='bbox 1046 311 1057 338; x_wconf 97' lang='grc'>1</span> <span class='ocrx_word' id='word_1_59' title='bbox 1082 313 1120 340; x_wconf 85' lang='lat' dir='ltr'>Et</span> <span class='ocrx_word' id='word_1_60' title='bbox 1136 313 1217 341; x_wconf 79' lang='lat' dir='ltr'>BCF.</span> <span class='ocrx_word' id='word_1_61' title='bbox 1233 327 1270 331; x_wconf 41' lang='grc' dir='ltr'>ψ</span> <span class='ocrx_word' id='word_1_62' title='bbox 1284 311 1310 345; x_wconf 79' lang='grc'>4,</span> <span class='ocrx_word' id='word_1_63' title='bbox 1334 312 1346 340; x_wconf 90' lang='grc'>1</span> <span class='ocrx_word' id='word_1_64' title='bbox 1364 314 1456 346; x_wconf 84' lang='lat' dir='ltr'>Quam</span> 
     </span>
     <span class='ocr_line' id='line_1_7' title="bbox 136 345 1458 386; baseline 0.002 -11"><span class='ocrx_word' id='word_1_65' title='bbox 136 348 172 378; x_wconf 84' lang='lat' dir='ltr'>E.</span> <span class='ocrx_word' id='word_1_66' title='bbox 192 364 231 369; x_wconf 90' lang='lat'><strong>—</strong></span> <span class='ocrx_word' id='word_1_67' title='bbox 250 345 282 382; x_wconf 87' lang='lat'>4,</span> <span class='ocrx_word' id='word_1_68' title='bbox 310 347 328 376; x_wconf 84' lang='lat'>2</span> <span class='ocrx_word' id='word_1_69' title='bbox 351 349 458 376; x_wconf 76' lang='lat' dir='ltr'>suavis</span> <span class='ocrx_word' id='word_1_70' title='bbox 486 357 538 384; x_wconf 88' lang='lat' dir='ltr'>per</span> <span class='ocrx_word' id='word_1_71' title='bbox 565 350 663 376; x_wconf 86' lang='lat' dir='ltr'>omnia</span> <span class='ocrx_word' id='word_1_72' title='bbox 691 349 726 377; x_wconf 87' lang='lat' dir='ltr'>E.</span> <span class='ocrx_word' id='word_1_73' title='bbox 748 365 785 369; x_wconf 89' lang='lat'>—</span> <span class='ocrx_word' id='word_1_74' title='bbox 806 349 840 383; x_wconf 85' lang='lat'>5,</span> <span class='ocrx_word' id='word_1_75' title='bbox 871 349 883 377; x_wconf 96' lang='grc'>1</span> <span class='ocrx_word' id='word_1_76' title='bbox 913 351 970 384; x_wconf 85' lang='lat' dir='ltr'>Qui</span> <span class='ocrx_word' id='word_1_77' title='bbox 998 360 1062 378; x_wconf 89' lang='lat' dir='ltr'>cum</span> <span class='ocrx_word' id='word_1_78' title='bbox 1092 352 1127 378; x_wconf 82' lang='lat' dir='ltr'>E.</span> <span class='ocrx_word' id='word_1_79' title='bbox 1149 366 1186 370; x_wconf 97' lang='lat'>—</span> <span class='ocrx_word' id='word_1_80' title='bbox 1206 351 1240 383; x_wconf 84' lang='lat'>6,</span> <span class='ocrx_word' id='word_1_81' title='bbox 1270 350 1282 377; x_wconf 84' lang='lat'>1</span> <span class='ocrx_word' id='word_1_82' title='bbox 1306 351 1345 378; x_wconf 81' lang='lat' dir='ltr'>Et</span> <span class='ocrx_word' id='word_1_83' title='bbox 1366 352 1458 386; x_wconf 82' lang='lat' dir='ltr'>BEF3</span> 
     </span>
     <span class='ocr_line' id='line_1_8' title="bbox 135 385 1458 423; baseline 0.002 -9"><span class='ocrx_word' id='word_1_84' title='bbox 135 387 266 415; x_wconf 83' lang='lat' dir='ltr'>fluminis</span> <span class='ocrx_word' id='word_1_85' title='bbox 288 387 377 415; x_wconf 81' lang='lat' dir='ltr'>ADF.</span> <span class='ocrx_word' id='word_1_86' title='bbox 398 403 435 407; x_wconf 94' lang='lat'>—</span> <span class='ocrx_word' id='word_1_87' title='bbox 457 386 484 419; x_wconf 92' lang='grc'>6,</span> <span class='ocrx_word' id='word_1_88' title='bbox 511 385 529 414; x_wconf 89' lang='grc'><strong>2</strong></span> <span class='ocrx_word' id='word_1_89' title='bbox 551 388 686 423; x_wconf 76' lang='lat' dir='ltr'>Irrogare</span> <span class='ocrx_word' id='word_1_90' title='bbox 707 388 738 414; x_wconf 80' lang='lat' dir='ltr'>F.</span> <span class='ocrx_word' id='word_1_91' title='bbox 760 403 797 408; x_wconf 89' lang='lat'>——-</span> <span class='ocrx_word' id='word_1_92' title='bbox 819 387 844 420; x_wconf 78' lang='lat'>7,</span> <span class='ocrx_word' id='word_1_93' title='bbox 876 388 887 415; x_wconf 93' lang='lat'>1</span> <span class='ocrx_word' id='word_1_94' title='bbox 912 389 951 416; x_wconf 90' lang='lat' dir='ltr'>Et</span> <span class='ocrx_word' id='word_1_95' title='bbox 972 389 1006 416; x_wconf 85' lang='lat' dir='ltr'>E.</span> <span class='ocrx_word' id='word_1_96' title='bbox 1029 405 1065 409; x_wconf 60' lang='grc'>»-</span> <span class='ocrx_word' id='word_1_97' title='bbox 1087 388 1112 421; x_wconf 88' lang='grc'>7,</span> <span class='ocrx_word' id='word_1_98' title='bbox 1134 388 1152 417; x_wconf 88' lang='grc'>2</span> <span class='ocrx_word' id='word_1_99' title='bbox 1172 389 1347 417; x_wconf 72' lang='lat' dir='ltr'>permaneat</span> <span class='ocrx_word' id='word_1_100' title='bbox 1369 390 1400 417; x_wconf 81' lang='lat' dir='ltr'>C.</span> <span class='ocrx_word' id='word_1_101' title='bbox 1423 407 1458 410; x_wconf 87' lang='lat'>—</span> 
     </span>
     <span class='ocr_line' id='line_1_9' title="bbox 136 423 1456 460; baseline 0.002 -7"><span class='ocrx_word' id='word_1_102' title='bbox 136 423 164 457; x_wconf 87' lang='lat'>8,</span> <span class='ocrx_word' id='word_1_103' title='bbox 190 423 204 452; x_wconf 97' lang='lat' dir='ltr'>l</span> <span class='ocrx_word' id='word_1_104' title='bbox 227 426 301 454; x_wconf 91' lang='lat' dir='ltr'>Cum</span> <span class='ocrx_word' id='word_1_105' title='bbox 323 434 377 453; x_wconf 80' lang='lat' dir='ltr'>evo</span> <span class='ocrx_word' id='word_1_106' title='bbox 400 425 509 453; x_wconf 88' lang='lat' dir='ltr'>munda</span> <span class='ocrx_word' id='word_1_107' title='bbox 530 426 562 453; x_wconf 89' lang='lat' dir='ltr'>B.</span> <span class='ocrx_word' id='word_1_108' title='bbox 584 441 621 445; x_wconf 95' lang='lat'>—</span> <span class='ocrx_word' id='word_1_109' title='bbox 642 426 668 457; x_wconf 79' lang='lat'>8.</span> <span class='ocrx_word' id='word_1_110' title='bbox 692 425 710 454; x_wconf 84' lang='lat'><strong>2</strong></span> <span class='ocrx_word' id='word_1_111' title='bbox 729 427 770 454; x_wconf 90' lang='lat' dir='ltr'>Et</span> <span class='ocrx_word' id='word_1_112' title='bbox 790 427 896 454; x_wconf 84' lang='lat' dir='ltr'>throno</span> <span class='ocrx_word' id='word_1_113' title='bbox 918 427 953 454; x_wconf 90' lang='lat' dir='ltr'>E.</span> <span class='ocrx_word' id='word_1_114' title='bbox 975 443 1012 447; x_wconf 87' lang='lat'>—</span> <span class='ocrx_word' id='word_1_115' title='bbox 1036 426 1146 456; x_wconf 88' lang='lat'>10—13</span> <span class='ocrx_word' id='word_1_116' title='bbox 1167 428 1240 456; x_wconf 81' lang='lat' dir='ltr'><strong>fehlt</strong></span> <span class='ocrx_word' id='word_1_117' title='bbox 1259 428 1294 456; x_wconf 90' lang='lat' dir='ltr'>E.</span> <span class='ocrx_word' id='word_1_118' title='bbox 1316 444 1353 448; x_wconf 78' lang='lat'><strong>—</strong></span> <span class='ocrx_word' id='word_1_119' title='bbox 1377 426 1420 460; x_wconf 89' lang='lat'>10,</span> <span class='ocrx_word' id='word_1_120' title='bbox 1445 428 1456 455; x_wconf 91' lang='lat'>1</span> 
     </span>
     <span class='ocr_line' id='line_1_10' title="bbox 135 463 1459 501; baseline 0.002 -10"><span class='ocrx_word' id='word_1_121' title='bbox 135 463 176 492; x_wconf 85' lang='lat' dir='ltr'>Et</span> <span class='ocrx_word' id='word_1_122' title='bbox 195 464 253 492; x_wconf 85' lang='lat' dir='ltr'>BF.</span> <span class='ocrx_word' id='word_1_123' title='bbox 275 478 312 483; x_wconf 82' lang='lat'><em>-</em></span> <span class='ocrx_word' id='word_1_124' title='bbox 336 463 378 498; x_wconf 88' lang='grc'>10,</span> <span class='ocrx_word' id='word_1_125' title='bbox 407 463 425 491; x_wconf 80' lang='grc'><em>2</em></span> <span class='ocrx_word' id='word_1_126' title='bbox 452 464 544 492; x_wconf 86' lang='lat' dir='ltr'>solem</span> <span class='ocrx_word' id='word_1_127' title='bbox 572 469 683 501; x_wconf 78' lang='lat' dir='ltr'>spectet</span> <span class='ocrx_word' id='word_1_128' title='bbox 703 466 828 500; x_wconf 76' lang='lat' dir='ltr'>(spectat</span> <span class='ocrx_word' id='word_1_129' title='bbox 850 466 887 499; x_wconf 80' lang='lat' dir='ltr'>D)</span> <span class='ocrx_word' id='word_1_130' title='bbox 908 466 968 493; x_wconf 86' lang='lat' dir='ltr'>DF.</span> <span class='ocrx_word' id='word_1_131' title='bbox 990 481 1027 485; x_wconf 86' lang='lat'><strong>—</strong></span> <span class='ocrx_word' id='word_1_132' title='bbox 1051 465 1092 499; x_wconf 85' lang='lat'>12,</span> <span class='ocrx_word' id='word_1_133' title='bbox 1122 466 1139 494; x_wconf 85' lang='lat'>2</span> <span class='ocrx_word' id='word_1_134' title='bbox 1160 467 1216 493; x_wconf 84' lang='lat' dir='ltr'>Per</span> <span class='ocrx_word' id='word_1_135' title='bbox 1236 468 1311 494; x_wconf 81' lang='lat' dir='ltr'>fecta</span> <span class='ocrx_word' id='word_1_136' title='bbox 1334 468 1368 499; x_wconf 83' lang='lat' dir='ltr'>D,</span> <span class='ocrx_word' id='word_1_137' title='bbox 1391 467 1459 494; x_wconf 86' lang='lat' dir='ltr'>Per-</span> 
     </span>
     <span class='ocr_line' id='line_1_11' title="bbox 135 501 1458 539; baseline 0.001 -9"><span class='ocrx_word' id='word_1_138' title='bbox 135 502 211 530; x_wconf 76' lang='lat' dir='ltr'>fecta</span> <span class='ocrx_word' id='word_1_139' title='bbox 234 502 318 530; x_wconf 81' lang='lat' dir='ltr'>ACF.</span> <span class='ocrx_word' id='word_1_140' title='bbox 341 518 378 522; x_wconf 90' lang='lat'>—</span> <span class='ocrx_word' id='word_1_141' title='bbox 401 501 444 536; x_wconf 82' lang='lat'>13,</span> <span class='ocrx_word' id='word_1_142' title='bbox 475 502 487 530; x_wconf 93' lang='lat'>1</span> <span class='ocrx_word' id='word_1_143' title='bbox 512 512 581 538; x_wconf 84' lang='lat' dir='ltr'>prae</span> <span class='ocrx_word' id='word_1_144' title='bbox 603 506 708 531; x_wconf 83' lang='lat' dir='ltr'>ceteris</span> <span class='ocrx_word' id='word_1_145' title='bbox 732 503 810 531; x_wconf 74' lang='lat' dir='ltr'>ssCF.</span> <span class='ocrx_word' id='word_1_146' title='bbox 833 518 869 522; x_wconf 93' lang='lat'>—</span> <span class='ocrx_word' id='word_1_147' title='bbox 894 504 935 534; x_wconf 73' lang='lat'>14.</span> <span class='ocrx_word' id='word_1_148' title='bbox 966 503 983 530; x_wconf 81' lang='lat'>2</span> <span class='ocrx_word' id='word_1_149' title='bbox 1005 505 1121 532; x_wconf 67' lang='lat' dir='ltr'>(thr-isto</span> <span class='ocrx_word' id='word_1_150' title='bbox 1144 505 1202 539; x_wconf 77' lang='grc' dir='ltr'>ΟΕ,</span> <span class='ocrx_word' id='word_1_151' title='bbox 1226 505 1341 533; x_wconf 82' lang='lat' dir='ltr'>Christe</span> <span class='ocrx_word' id='word_1_152' title='bbox 1367 506 1398 532; x_wconf 88' lang='lat' dir='ltr'>B.</span> <span class='ocrx_word' id='word_1_153' title='bbox 1421 520 1458 524; x_wconf 97' lang='lat'><strong>—</strong></span> 
     </span>
     <span class='ocr_line' id='line_1_12' title="bbox 138 538 414 575; baseline -0.004 -6"><span class='ocrx_word' id='word_1_154' title='bbox 138 538 182 575; x_wconf 89' lang='lat'>14,</span> <span class='ocrx_word' id='word_1_155' title='bbox 203 539 222 570; x_wconf 90' lang='grc'><strong>3</strong></span> <span class='ocrx_word' id='word_1_156' title='bbox 241 541 334 569; x_wconf 83' lang='lat' dir='ltr'>lectos</span> <span class='ocrx_word' id='word_1_157' title='bbox 355 541 414 569; x_wconf 81' lang='lat' dir='ltr'>AF.</span> 
     </span>
     <span class='ocr_line' id='line_1_13' title="bbox 473 587 1121 625; baseline 0.005 -9"><span class='ocrx_word' id='word_1_158' title='bbox 473 587 542 618; x_wconf 66' lang='lat'>4015.</span> <span class='ocrx_word' id='word_1_159' title='bbox 574 589 612 618; x_wconf 89' lang='lat'>111</span> <span class='ocrx_word' id='word_1_160' title='bbox 635 598 662 618; x_wconf 78' lang='lat' dir='ltr'>s-</span> <span class='ocrx_word' id='word_1_161' title='bbox 685 588 848 618; x_wconf 83' lang='lat' dir='ltr'>Iohannis</span> <span class='ocrx_word' id='word_1_162' title='bbox 870 589 1121 625; x_wconf 80' lang='lat' dir='ltr'>Evangelistae.</span> 
     </span>
    </p>
   </div>
   <div class='ocr_carea' id='block_1_6' title="bbox 557 638 1038 673">
    <p class='ocr_par' dir='ltr' id='par_1_6' title="bbox 557 638 1038 673">
     <span class='ocr_line' id='line_1_14' title="bbox 557 638 1038 673; baseline 0.002 -9"><span class='ocrx_word' id='word_1_163' title='bbox 557 638 799 665; x_wconf 76' lang='lat' dir='ltr'>introductio</span> <span class='ocrx_word' id='word_1_164' title='bbox 830 638 1038 673; x_wconf 71' lang='lat' dir='ltr'>Epistulae.</span> 
     </span>
    </p>
   </div>
   <div class='ocr_carea' id='block_1_7' title="bbox 166 695 1307 1876">
    <p class='ocr_par' dir='ltr' id='par_1_7' title="bbox 166 695 1307 1876">
     <span class='ocr_line' id='line_1_15' title="bbox 174 695 1095 730; baseline -0.002 0"><span class='ocrx_word' id='word_1_165' title='bbox 174 696 206 730; x_wconf 89' lang='lat'>1.</span> <span class='ocrx_word' id='word_1_166' title='bbox 233 695 286 730; x_wconf 82' lang='lat' dir='ltr'>Ad</span> <span class='ocrx_word' id='word_1_167' title='bbox 313 696 465 728; x_wconf 87' lang='lat' dir='ltr'>Iohannis</span> <span class='ocrx_word' id='word_1_168' title='bbox 862 700 893 730; x_wconf 77' lang='lat'>4.</span> <span class='ocrx_word' id='word_1_169' title='bbox 922 697 1095 729; x_wconf 80' lang='lat' dir='ltr'>Miseratus</span> 
     </span>
     <span class='ocr_line' id='line_1_16' title="bbox 279 742 1307 777; baseline 0 -1"><span class='ocrx_word' id='word_1_170' title='bbox 279 742 364 776; x_wconf 78' lang='lat' dir='ltr'>festa</span> <span class='ocrx_word' id='word_1_171' title='bbox 387 744 538 776; x_wconf 81' lang='lat' dir='ltr'>sublimia</span> <span class='ocrx_word' id='word_1_172' title='bbox 971 751 1118 776; x_wconf 78' lang='lat' dir='ltr'>naturam</span> <span class='ocrx_word' id='word_1_173' title='bbox 1144 745 1307 777; x_wconf 84' lang='lat' dir='ltr'>frondium</span> 
     </span>
     <span class='ocr_line' id='line_1_17' title="bbox 232 792 1183 833; baseline -0.003 -8"><span class='ocrx_word' id='word_1_174' title='bbox 232 793 314 825; x_wconf 86' lang='lat' dir='ltr'>Tota</span> <span class='ocrx_word' id='word_1_175' title='bbox 341 792 492 833; x_wconf 85' lang='lat' dir='ltr'>frequens</span> <span class='ocrx_word' id='word_1_176' title='bbox 924 792 1183 825; x_wconf 68' lang='lat' dir='ltr'>&#39;transformavit</span> 
     </span>
     <span class='ocr_line' id='line_1_18' title="bbox 279 840 1274 881; baseline 0.001 -11"><span class='ocrx_word' id='word_1_177' title='bbox 279 845 389 873; x_wconf 83' lang='lat' dir='ltr'>currat</span> <span class='ocrx_word' id='word_1_178' title='bbox 415 840 552 872; x_wconf 85' lang='lat' dir='ltr'>ecclesia</span> <span class='ocrx_word' id='word_1_179' title='bbox 971 841 1002 871; x_wconf 90' lang='lat' dir='ltr'>in</span> <span class='ocrx_word' id='word_1_180' title='bbox 1029 841 1098 872; x_wconf 86' lang='lat' dir='ltr'>auri</span> <span class='ocrx_word' id='word_1_181' title='bbox 1125 841 1274 881; x_wconf 77' lang='lat' dir='ltr'>pretium,</span> 
     </span>
     <span class='ocr_line' id='line_1_19' title="bbox 230 887 1117 927; baseline -0.001 -7"><span class='ocrx_word' id='word_1_182' title='bbox 230 887 433 927; x_wconf 83' lang='lat' dir='ltr'>Meritaeque</span> <span class='ocrx_word' id='word_1_183' title='bbox 924 888 1004 920; x_wconf 84' lang='lat' dir='ltr'>Esse</span> <span class='ocrx_word' id='word_1_184' title='bbox 1029 897 1117 920; x_wconf 86' lang='lat' dir='ltr'>suum</span> 
     </span>
     <span class='ocr_line' id='line_1_20' title="bbox 280 936 1255 976; baseline 0.001 -9"><span class='ocrx_word' id='word_1_185' title='bbox 280 936 386 968; x_wconf 86' lang='lat' dir='ltr'>laudis</span> <span class='ocrx_word' id='word_1_186' title='bbox 412 936 583 976; x_wconf 75' lang='lat' dir='ltr'>praeconia</span> <span class='ocrx_word' id='word_1_187' title='bbox 973 936 1099 967; x_wconf 81' lang='lat' dir='ltr'>harenis</span> <span class='ocrx_word' id='word_1_188' title='bbox 1124 936 1255 968; x_wconf 84' lang='lat' dir='ltr'>abstulit</span> 
     </span>
     <span class='ocr_line' id='line_1_21' title="bbox 231 984 1174 1023; baseline -0.001 -7"><span class='ocrx_word' id='word_1_189' title='bbox 231 984 311 1017; x_wconf 90' lang='lat' dir='ltr'>Cum</span> <span class='ocrx_word' id='word_1_190' title='bbox 336 984 457 1023; x_wconf 79' lang='lat' dir='ltr'>ingenti</span> <span class='ocrx_word' id='word_1_191' title='bbox 925 984 965 1015; x_wconf 63' lang='lat' dir='ltr'>let</span> <span class='ocrx_word' id='word_1_192' title='bbox 991 985 1032 1015; x_wconf 86' lang='lat' dir='ltr'>ad</span> <span class='ocrx_word' id='word_1_193' title='bbox 1058 988 1174 1015; x_wconf 83' lang='lat' dir='ltr'>statum</span> 
     </span>
     <span class='ocr_line' id='line_1_22' title="bbox 279 1031 1256 1071; baseline -0.001 -7"><span class='ocrx_word' id='word_1_194' title='bbox 279 1032 384 1064; x_wconf 86' lang='lat' dir='ltr'>solvat</span> <span class='ocrx_word' id='word_1_195' title='bbox 409 1031 544 1065; x_wconf 83' lang='lat' dir='ltr'>laetitia.</span> <span class='ocrx_word' id='word_1_196' title='bbox 971 1032 1109 1071; x_wconf 77' lang='lat' dir='ltr'>priorem</span> <span class='ocrx_word' id='word_1_197' title='bbox 1137 1032 1256 1064; x_wconf 86' lang='lat' dir='ltr'>retulit.</span> 
     </span>
     <span class='ocr_line' id='line_1_23' title="bbox 172 1097 1164 1137; baseline -0.001 -6"><span class='ocrx_word' id='word_1_198' title='bbox 172 1099 204 1131; x_wconf 88' lang='lat'>2.</span> <span class='ocrx_word' id='word_1_199' title='bbox 232 1099 327 1131; x_wconf 89' lang='lat' dir='ltr'>Hunc</span> <span class='ocrx_word' id='word_1_200' title='bbox 354 1097 469 1130; x_wconf 83' lang='lat' dir='ltr'>dilexit</span> <span class='ocrx_word' id='word_1_201' title='bbox 864 1101 894 1132; x_wconf 80' lang='lat'>5.</span> <span class='ocrx_word' id='word_1_202' title='bbox 923 1098 963 1130; x_wconf 87' lang='lat' dir='ltr'>Et</span> <span class='ocrx_word' id='word_1_203' title='bbox 990 1102 1164 1137; x_wconf 82' lang='lat' dir='ltr'>temptatus</span> 
     </span>
     <span class='ocr_line' id='line_1_24' title="bbox 281 1146 1220 1186; baseline 0.001 -9"><span class='ocrx_word' id='word_1_204' title='bbox 281 1146 428 1178; x_wconf 86' lang='lat' dir='ltr'>Christus</span> <span class='ocrx_word' id='word_1_205' title='bbox 453 1154 532 1186; x_wconf 88' lang='lat' dir='ltr'>prae</span> <span class='ocrx_word' id='word_1_206' title='bbox 559 1146 673 1177; x_wconf 83' lang='lat' dir='ltr'>ceteris</span> <span class='ocrx_word' id='word_1_207' title='bbox 969 1146 1080 1178; x_wconf 84' lang='lat' dir='ltr'>lethali</span> <span class='ocrx_word' id='word_1_208' title='bbox 1106 1147 1220 1186; x_wconf 87' lang='lat' dir='ltr'>poculo</span> 
     </span>
     <span class='ocr_line' id='line_1_25' title="bbox 229 1194 1134 1233; baseline -0.003 -6"><span class='ocrx_word' id='word_1_209' title='bbox 229 1195 437 1233; x_wconf 76' lang='lat' dir='ltr'>lnexpertum</span> <span class='ocrx_word' id='word_1_210' title='bbox 925 1194 1074 1226; x_wconf 80' lang='lat' dir='ltr'>illaesum</span> <span class='ocrx_word' id='word_1_211' title='bbox 1100 1203 1134 1224; x_wconf 82' lang='lat' dir='ltr'>se</span> 
     </span>
     <span class='ocr_line' id='line_1_26' title="bbox 276 1241 1305 1281; baseline -0.001 -8"><span class='ocrx_word' id='word_1_212' title='bbox 276 1242 419 1281; x_wconf 84' lang='lat' dir='ltr'>pollutae</span> <span class='ocrx_word' id='word_1_213' title='bbox 446 1242 593 1280; x_wconf 72' lang='lat' dir='ltr'>Veneris,</span> <span class='ocrx_word' id='word_1_214' title='bbox 970 1243 1157 1273; x_wconf 73' lang='lat' dir='ltr'>monstravit</span> <span class='ocrx_word' id='word_1_215' title='bbox 1184 1241 1305 1281; x_wconf 89' lang='lat' dir='ltr'>populo</span> 
     </span>
     <span class='ocr_line' id='line_1_27' title="bbox 227 1289 1105 1328; baseline -0.001 -7"><span class='ocrx_word' id='word_1_216' title='bbox 227 1290 368 1322; x_wconf 79' lang='lat' dir='ltr'>Matrem</span> <span class='ocrx_word' id='word_1_217' title='bbox 393 1289 525 1321; x_wconf 87' lang='lat' dir='ltr'>mandat</span> <span class='ocrx_word' id='word_1_218' title='bbox 920 1289 1105 1328; x_wconf 86' lang='lat' dir='ltr'>Eodemque</span> 
     </span>
     <span class='ocr_line' id='line_1_28' title="bbox 277 1336 1289 1377; baseline -0.002 -8"><span class='ocrx_word' id='word_1_219' title='bbox 277 1337 370 1369; x_wconf 81' lang='lat' dir='ltr'>huius</span> <span class='ocrx_word' id='word_1_220' title='bbox 396 1336 543 1377; x_wconf 86' lang='lat' dir='ltr'>regimini</span> <span class='ocrx_word' id='word_1_221' title='bbox 968 1341 1163 1376; x_wconf 82' lang='lat' dir='ltr'>prostratum</span> <span class='ocrx_word' id='word_1_222' title='bbox 1190 1337 1289 1368; x_wconf 83' lang='lat' dir='ltr'>calice</span> 
     </span>
     <span class='ocr_line' id='line_1_29' title="bbox 226 1385 1102 1425; baseline -0.005 -7"><span class='ocrx_word' id='word_1_223' title='bbox 226 1385 344 1424; x_wconf 85' lang='lat' dir='ltr'>Fitque</span> <span class='ocrx_word' id='word_1_224' title='bbox 371 1385 460 1425; x_wconf 87' lang='lat' dir='ltr'>virgo</span> <span class='ocrx_word' id='word_1_225' title='bbox 920 1385 1102 1418; x_wconf 81' lang='lat' dir='ltr'>Redonavit</span> 
     </span>
     <span class='ocr_line' id='line_1_30' title="bbox 274 1431 1223 1473; baseline 0 -9"><span class='ocrx_word' id='word_1_226' title='bbox 274 1434 376 1464; x_wconf 87' lang='lat' dir='ltr'>tutela</span> <span class='ocrx_word' id='word_1_227' title='bbox 402 1432 529 1473; x_wconf 88' lang='lat' dir='ltr'>virgini.</span> <span class='ocrx_word' id='word_1_228' title='bbox 971 1433 1054 1464; x_wconf 77' lang='lat' dir='ltr'>vitae</span> <span class='ocrx_word' id='word_1_229' title='bbox 1080 1431 1223 1464; x_wconf 87' lang='lat' dir='ltr'>mirifice.</span> 
     </span>
     <span class='ocr_line' id='line_1_31' title="bbox 166 1499 1152 1539; baseline -0.002 -7"><span class='ocrx_word' id='word_1_230' title='bbox 166 1499 199 1533; x_wconf 85' lang='lat'>3.</span> <span class='ocrx_word' id='word_1_231' title='bbox 225 1499 310 1532; x_wconf 92' lang='lat' dir='ltr'>Dum</span> <span class='ocrx_word' id='word_1_232' title='bbox 337 1499 495 1532; x_wconf 82' lang='lat' dir='ltr'>recumbit</span> <span class='ocrx_word' id='word_1_233' title='bbox 862 1501 894 1532; x_wconf 89' lang='grc'>6.</span> <span class='ocrx_word' id='word_1_234' title='bbox 923 1500 1152 1539; x_wconf 84' lang='lat' dir='ltr'>Imponendam</span> 
     </span>
     <span class='ocr_line' id='line_1_32' title="bbox 274 1547 1272 1588; baseline -0.001 -9"><span class='ocrx_word' id='word_1_235' title='bbox 274 1547 307 1579; x_wconf 88' lang='lat' dir='ltr'>in</span> <span class='ocrx_word' id='word_1_236' title='bbox 335 1548 456 1580; x_wconf 87' lang='lat' dir='ltr'>Christi</span> <span class='ocrx_word' id='word_1_237' title='bbox 481 1548 612 1588; x_wconf 82' lang='lat' dir='ltr'>gremio,</span> <span class='ocrx_word' id='word_1_238' title='bbox 970 1548 1117 1587; x_wconf 86' lang='lat' dir='ltr'>sepulcro</span> <span class='ocrx_word' id='word_1_239' title='bbox 1144 1547 1272 1579; x_wconf 86' lang='lat' dir='ltr'>viduam</span> 
     </span>
     <span class='ocr_line' id='line_1_33' title="bbox 226 1595 1114 1635; baseline -0.002 -7"><span class='ocrx_word' id='word_1_240' title='bbox 226 1595 282 1628; x_wconf 91' lang='lat' dir='ltr'>Fit</span> <span class='ocrx_word' id='word_1_241' title='bbox 309 1596 441 1628; x_wconf 85' lang='lat' dir='ltr'>caelesti</span> <span class='ocrx_word' id='word_1_242' title='bbox 922 1596 1114 1635; x_wconf 85' lang='lat' dir='ltr'>Reportavit</span> 
     </span>
     <span class='ocr_line' id='line_1_34' title="bbox 273 1644 1272 1686; baseline -0.002 -10"><span class='ocrx_word' id='word_1_243' title='bbox 273 1644 390 1684; x_wconf 82' lang='lat' dir='ltr'>plenus</span> <span class='ocrx_word' id='word_1_244' title='bbox 414 1644 580 1686; x_wconf 81' lang='lat' dir='ltr'>mysterio,</span> <span class='ocrx_word' id='word_1_245' title='bbox 967 1644 1009 1675; x_wconf 85' lang='lat' dir='ltr'>ad</span> <span class='ocrx_word' id='word_1_246' title='bbox 1037 1644 1121 1675; x_wconf 78' lang='lat' dir='ltr'>vitae</span> <span class='ocrx_word' id='word_1_247' title='bbox 1145 1644 1272 1674; x_wconf 88' lang='lat' dir='ltr'>ianuam</span> 
     </span>
     <span class='ocr_line' id='line_1_35' title="bbox 225 1692 1131 1730; baseline -0.001 -6"><span class='ocrx_word' id='word_1_248' title='bbox 225 1692 384 1725; x_wconf 83' lang='lat' dir='ltr'>Haustum</span> <span class='ocrx_word' id='word_1_249' title='bbox 408 1692 471 1725; x_wconf 86' lang='lat' dir='ltr'>sibi</span> <span class='ocrx_word' id='word_1_250' title='bbox 921 1693 1131 1730; x_wconf 81' lang='lat' dir='ltr'>luvenemque</span> 
     </span>
     <span class='ocr_line' id='line_1_36' title="bbox 274 1739 1258 1781; baseline -0.002 -9"><span class='ocrx_word' id='word_1_251' title='bbox 274 1740 423 1772; x_wconf 85' lang='lat' dir='ltr'>caelestis</span> <span class='ocrx_word' id='word_1_252' title='bbox 449 1740 572 1781; x_wconf 84' lang='lat' dir='ltr'>gratiae</span> <span class='ocrx_word' id='word_1_253' title='bbox 966 1740 1113 1779; x_wconf 83' lang='lat' dir='ltr'>plorante</span> <span class='ocrx_word' id='word_1_254' title='bbox 1139 1739 1258 1781; x_wconf 82' lang='lat' dir='ltr'>populo</span> 
     </span>
     <span class='ocr_line' id='line_1_37' title="bbox 225 1788 1095 1828; baseline -0.003 -7"><span class='ocrx_word' id='word_1_255' title='bbox 225 1788 417 1828; x_wconf 84' lang='lat' dir='ltr'>Propinavit</span> <span class='ocrx_word' id='word_1_256' title='bbox 920 1788 1095 1820; x_wconf 84' lang='lat' dir='ltr'>Suscitavit</span> 
     </span>
     <span class='ocr_line' id='line_1_38' title="bbox 274 1835 1298 1876; baseline -0.002 -8"><span class='ocrx_word' id='word_1_257' title='bbox 274 1835 345 1868; x_wconf 88' lang='lat' dir='ltr'>fons</span> <span class='ocrx_word' id='word_1_258' title='bbox 372 1836 561 1876; x_wconf 81' lang='lat' dir='ltr'>sapientiae.</span> <span class='ocrx_word' id='word_1_259' title='bbox 968 1837 1008 1868; x_wconf 82' lang='lat' dir='ltr'>de</span> <span class='ocrx_word' id='word_1_260' title='bbox 1034 1836 1145 1867; x_wconf 85' lang='lat' dir='ltr'>mortis</span> <span class='ocrx_word' id='word_1_261' title='bbox 1171 1835 1298 1867; x_wconf 89' lang='lat' dir='ltr'>lectulo.</span> 
     </span>
    </p>
   </div>
   <div class='ocr_carea' id='block_1_8' title="bbox 127 1899 1454 2371">
    <p class='ocr_par' dir='ltr' id='par_1_8' title="bbox 127 1899 1454 2371">
     <span class='ocr_line' id='line_1_39' title="bbox 530 1899 900 1933; baseline -0.011 0"><span class='ocrx_word' id='word_1_262' title='bbox 530 1899 561 1933; x_wconf 88' lang='grc'>7.</span> <span class='ocrx_word' id='word_1_263' title='bbox 589 1900 656 1932; x_wconf 81' lang='lat' dir='ltr'>Iam</span> <span class='ocrx_word' id='word_1_264' title='bbox 682 1907 766 1930; x_wconf 87' lang='lat' dir='ltr'>nunc</span> <span class='ocrx_word' id='word_1_265' title='bbox 791 1907 900 1930; x_wconf 82' lang='lat' dir='ltr'>omnes</span> 
     </span>
     <span class='ocr_line' id='line_1_40' title="bbox 637 1946 984 1979; baseline 0.003 -2"><span class='ocrx_word' id='word_1_266' title='bbox 637 1946 798 1978; x_wconf 82' lang='lat' dir='ltr'>mundatis</span> <span class='ocrx_word' id='word_1_267' title='bbox 825 1947 984 1979; x_wconf 80' lang='lat' dir='ltr'>inentibus</span> 
     </span>
     <span class='ocr_line' id='line_1_41' title="bbox 591 1995 806 2028; baseline -0.009 0"><span class='ocrx_word' id='word_1_268' title='bbox 591 1995 663 2028; x_wconf 82' lang='lat' dir='ltr'>Sint</span> <span class='ocrx_word' id='word_1_269' title='bbox 691 1996 806 2027; x_wconf 81' lang='lat' dir='ltr'>intenti</span> 
     </span>
     <span class='ocr_line' id='line_1_42' title="bbox 638 2043 975 2080; baseline -0.003 -6"><span class='ocrx_word' id='word_1_270' title='bbox 638 2044 738 2074; x_wconf 84' lang='lat' dir='ltr'>sacris</span> <span class='ocrx_word' id='word_1_271' title='bbox 765 2043 975 2080; x_wconf 82' lang='lat' dir='ltr'>sermonibus,</span> 
     </span>
     <span class='ocr_line' id='line_1_43' title="bbox 590 2090 810 2125; baseline -0.014 0"><span class='ocrx_word' id='word_1_272' title='bbox 590 2090 641 2125; x_wconf 84' lang='lat' dir='ltr'>De</span> <span class='ocrx_word' id='word_1_273' title='bbox 666 2092 810 2124; x_wconf 79' lang='lat' dir='ltr'>Iohanne</span> 
     </span>
     <span class='ocr_line' id='line_1_44' title="bbox 636 2139 910 2179; baseline 0 -9"><span class='ocrx_word' id='word_1_274' title='bbox 636 2139 732 2178; x_wconf 87' lang='lat' dir='ltr'>plena</span> <span class='ocrx_word' id='word_1_275' title='bbox 757 2140 910 2179; x_wconf 71' lang='lat' dir='ltr'>mysterio</span> 
     </span>
     <span class='ocr_line' id='line_1_45' title="bbox 590 2187 768 2220; baseline -0.017 0"><span class='ocrx_word' id='word_1_276' title='bbox 590 2187 768 2220; x_wconf 84' lang='lat' dir='ltr'>Salomonis</span> 
     </span>
     <span class='ocr_line' id='line_1_46' title="bbox 637 2235 960 2274; baseline 0 -8"><span class='ocrx_word' id='word_1_277' title='bbox 637 2235 714 2274; x_wconf 87' lang='lat' dir='ltr'>quid</span> <span class='ocrx_word' id='word_1_278' title='bbox 742 2236 829 2267; x_wconf 82' lang='lat' dir='ltr'>dicat</span> <span class='ocrx_word' id='word_1_279' title='bbox 855 2235 960 2267; x_wconf 86' lang='lat' dir='ltr'>lectio.</span> 
     </span>
     <span class='ocr_line' id='line_1_47' title="bbox 203 2294 1454 2335; baseline -0.002 -9"><span class='ocrx_word' id='word_1_280' title='bbox 203 2299 293 2335; x_wconf 84' lang='lat' dir='ltr'>Trop.</span> <span class='ocrx_word' id='word_1_281' title='bbox 322 2301 351 2325; x_wconf 87' lang='lat' dir='ltr'>et</span> <span class='ocrx_word' id='word_1_282' title='bbox 378 2296 463 2324; x_wconf 88' lang='lat' dir='ltr'>Pros.</span> <span class='ocrx_word' id='word_1_283' title='bbox 491 2304 544 2323; x_wconf 84' lang='lat' dir='ltr'>ms.</span> <span class='ocrx_word' id='word_1_284' title='bbox 572 2297 690 2324; x_wconf 81' lang='lat' dir='ltr'>Arnesti</span> <span class='ocrx_word' id='word_1_285' title='bbox 711 2297 872 2332; x_wconf 79' lang='lat' dir='ltr'>Pragensis</span> <span class='ocrx_word' id='word_1_286' title='bbox 902 2298 971 2325; x_wconf 88' lang='lat' dir='ltr'>anni</span> <span class='ocrx_word' id='word_1_287' title='bbox 996 2296 1077 2324; x_wconf 68' lang='lat'>1363.</span> <span class='ocrx_word' id='word_1_288' title='bbox 1119 2296 1189 2324; x_wconf 73' lang='lat' dir='ltr'>Cod-</span> <span class='ocrx_word' id='word_1_289' title='bbox 1212 2297 1307 2331; x_wconf 71' lang='lat' dir='ltr'>Capit.</span> <span class='ocrx_word' id='word_1_290' title='bbox 1331 2294 1454 2332; x_wconf 76' lang='lat' dir='ltr'>l’ragen.</span> 
     </span>
     <span class='ocr_line' id='line_1_48' title="bbox 127 2332 1454 2371; baseline -0.002 -7"><span class='ocrx_word' id='word_1_291' title='bbox 127 2339 152 2366; x_wconf 92' lang='lat' dir='ltr'>P</span> <span class='ocrx_word' id='word_1_292' title='bbox 166 2336 194 2365; x_wconf 89' lang='lat'>9.</span> <span class='ocrx_word' id='word_1_293' title='bbox 209 2352 245 2356; x_wconf 93' lang='lat'><em>—</em></span> <span class='ocrx_word' id='word_1_294' title='bbox 260 2335 463 2366; x_wconf 87' lang='lat' dir='ltr'>Unmittelbar</span> <span class='ocrx_word' id='word_1_295' title='bbox 477 2334 612 2362; x_wconf 82' lang='lat' dir='ltr'>schliesst</span> <span class='ocrx_word' id='word_1_296' title='bbox 625 2335 687 2362; x_wconf 84' lang='lat' dir='ltr'>sich</span> <span class='ocrx_word' id='word_1_297' title='bbox 703 2344 757 2362; x_wconf 81' lang='lat' dir='ltr'>an:</span> <span class='ocrx_word' id='word_1_298' title='bbox 779 2338 801 2362; x_wconf 84' lang='lat' dir='ltr'>A</span> <span class='ocrx_word' id='word_1_299' title='bbox 812 2336 830 2363; x_wconf 88' lang='lat' dir='ltr'>d</span> <span class='ocrx_word' id='word_1_300' title='bbox 852 2336 962 2363; x_wconf 84' lang='lat' dir='ltr'>laude</span> <span class='ocrx_word' id='word_1_301' title='bbox 973 2345 999 2362; x_wconf 87' lang='lat' dir='ltr'>m</span> <span class='ocrx_word' id='word_1_302' title='bbox 1018 2336 1122 2371; x_wconf 82' lang='lat' dir='ltr'>regis</span> <span class='ocrx_word' id='word_1_303' title='bbox 1137 2335 1287 2371; x_wconf 66' lang='lat' dir='ltr'>gloriae</span> <span class='ocrx_word' id='word_1_304' title='bbox 1302 2335 1363 2364; x_wconf 75' lang='lat' dir='ltr'>(Nr.</span> <span class='ocrx_word' id='word_1_305' title='bbox 1379 2332 1454 2365; x_wconf 74' lang='lat'>4031,</span> 
     </span>
    </p>
   </div>
   <div class='ocr_carea' id='block_1_9' title="bbox 123 2373 1455 2448">
    <p class='ocr_par' dir='ltr' id='par_1_9' title="bbox 123 2373 1455 2448">
     <span class='ocr_line' id='line_1_49' title="bbox 125 2373 1455 2405; baseline -0.003 -1"><span class='ocrx_word' id='word_1_306' title='bbox 125 2384 210 2405; x_wconf 86' lang='lat' dir='ltr'>wozu</span> <span class='ocrx_word' id='word_1_307' title='bbox 230 2376 294 2403; x_wconf 86' lang='lat' dir='ltr'>also</span> <span class='ocrx_word' id='word_1_308' title='bbox 316 2373 527 2402; x_wconf 81' lang='lat' dir='ltr'>vorstehendes</span> <span class='ocrx_word' id='word_1_309' title='bbox 548 2373 596 2400; x_wconf 86' lang='lat' dir='ltr'>die</span> <span class='ocrx_word' id='word_1_310' title='bbox 610 2373 793 2401; x_wconf 83' lang='lat' dir='ltr'>Introductio</span> <span class='ocrx_word' id='word_1_311' title='bbox 814 2374 915 2402; x_wconf 81' lang='lat' dir='ltr'>bildet.</span> <span class='ocrx_word' id='word_1_312' title='bbox 948 2374 1136 2402; x_wconf 81' lang='lat' dir='ltr'>Andernt&#39;alls</span> <span class='ocrx_word' id='word_1_313' title='bbox 1158 2374 1234 2400; x_wconf 74' lang='lat' dir='ltr'>ware</span> <span class='ocrx_word' id='word_1_314' title='bbox 1257 2384 1287 2400; x_wconf 78' lang='lat' dir='ltr'>es</span> <span class='ocrx_word' id='word_1_315' title='bbox 1308 2373 1362 2400; x_wconf 70' lang='lat' dir='ltr'>den</span> <span class='ocrx_word' id='word_1_316' title='bbox 1380 2376 1455 2401; x_wconf 73' lang='lat' dir='ltr'>Cou-</span> 
     </span>
     <span class='ocr_line' id='line_1_50' title="bbox 123 2413 606 2448; baseline -0.008 -5"><span class='ocrx_word' id='word_1_317' title='bbox 123 2415 230 2444; x_wconf 80' lang='lat' dir='ltr'>ductus</span> <span class='ocrx_word' id='word_1_318' title='bbox 251 2413 442 2442; x_wconf 76' lang='lat' dir='ltr'>einzureiheu</span> <span class='ocrx_word' id='word_1_319' title='bbox 461 2420 606 2448; x_wconf 84' lang='lat' dir='ltr'>gewesen.</span> 
     </span>
    </p>
   </div>
  </div>
 </body>
</html>
