1653 2689
757 145 797 151 —
849 127 1012 162 236—

305 224 441 252 Cantion.
464 232 518 251 ms.
544 223 625 251 Petri
652 223 687 251 de
712 222 836 250 Medicis
859 219 1028 256 (Gallicum)
1053 229 1130 248 saec.
1159 217 1204 248 13.
1250 219 1321 248 Cod.
1350 219 1544 248 Laurentian-

229 262 274 289 ΡΙ.
300 260 346 290 29.
376 261 400 289 1.
423 276 461 280 -
480 261 736 290 Wahrscheinlich
756 260 869 296 Tropus
897 267 963 286 zum
982 260 1108 286 Versus:
1138 257 1288 293 „Arcum
1313 260 1486 287 conteret
1511 256 1548 282 et

230 300 445 336 confringet
465 308 565 328 arma
586 304 621 327 et
641 303 746 326 scuta
766 299 958 326 comburet
978 294 1076 334 igni“
1092 296 1152 331 (Pe.
1171 294 1218 331 44,
1243 295 1296 331 10),
1317 297 1374 324 den
1395 295 1443 323 ich
1457 294 1548 322 aller-

232 338 318 374 dings
339 339 383 366 als
404 338 513 366 Versus
533 338 738 365 Alleluiaticus
760 336 842 364 nieht
862 335 1047 364 nachweisen
1067 335 1157 363 kann.

696 449 764 480 457.
798 448 861 479 Die
883 448 1074 479 Dominica.

282 532 298 562 1
327 530 451 561 Memor
477 530 523 560 tui
549 528 701 560 creatoris
1010 526 1075 559 Sed
1087 527 1122 565 in
1134 535 1192 567 spe
1201 525 1426 566 firmasemper
1445 524 1548 556 nitere

374 577 452 609 Eius
480 578 545 608 vias
571 576 602 607 in
628 576 742 608 timore
941 576 985 608 20
1015 575 1065 606 Ad
1091 574 1226 614 patriam
1252 582 1398 614 pergere,

327 625 416 656 Intus
441 629 472 654 te
499 623 615 655 formes
641 627 671 653 et
698 621 787 661 foris,
1057 623 1124 666 Quo
1150 622 1267 661 iugiter
1291 621 1431 661 gaudeas

420 671 536 702 Deleas
1011 670 1053 704 Et
1081 669 1224 710 pondere

278 723 296 751 ζ»
421 719 477 750 Pio
503 718 612 757 culpas
1011 717 1188 757 Languoris

375 767 592 798 Lacrimarum
618 766 760 804 liquores,
1059 765 1176 797 Careas

420 813 558 845 Ferveas
942 815 984 846 25
1060 811 1230 844 Possideas

372 862 501 899 Amore,
1011 860 1095 899 Opes
1121 859 1201 891 lucis
1228 867 1333 892 verae.

373 909 417 941 Ut
443 910 564 947 gratiae
591 909 630 939 de
655 916 726 938 r01e
855 912 869 918 “
1011 907 1128 946 Regem
1155 907 1268 937 summi
1295 906 1419 938 decoris

258 957 299 988 10
326 956 418 987 Mens
444 955 548 987 fidelis
574 957 695 994 floreat.
1059 954 1219 994 Aspicias,

327 1004 371 1036 Ut
397 1012 434 1034 ex
461 1003 524 1035 fide
551 1004 684 1042 prodeat
1058 1003 1110 1034 Ad
1138 1010 1229 1041 quem
1255 1005 1289 1033 ut
1314 1001 1496 1044 pervenias,

372 1051 515 1083 Fructus
538 1052 654 1090 operis.
941 1051 986 1083 30
1060 1050 1198 1081 Lucrum
1225 1049 1282 1081 tibi
1311 1048 1421 1086 facias,

374 1099 496 1129 Veteris
1060 1096 1196 1129 Sedulus
1221 1097 1382 1129 custodias

324 1146 371 1178 Te
397 1146 515 1186 pudeat
1059 1145 1126 1177 Soli
1156 1145 1224 1176 vias

257 1194 296 1226 15
325 1193 427 1233 Vitae,
454 1203 535 1225 nova
561 1193 696 1232 placeat.
1060 1193 1180 1224 Virtuti
1205 1193 1344 1232 pervias,

324 1241 470 1274 Labilem
496 1244 596 1272 rotam
623 1241 740 1272 erroris
1060 1241 1103 1273 Ut
1129 1240 1186 1280 sic,
1214 1240 1316 1279 homo,
1344 1248 1400 1272 vas
1427 1239 1484 1272 fias

374 1289 530 1320 Providus
558 1297 669 1320 caveas
942 1290 984 1321 35
1011 1288 1170 1320 Honoris.

374 1336 479 1374 Sequi,
507 1344 545 1367 ne
571 1345 683 1376 pereas
695 1347 702 1376 3

307 1410 433 1443 Flacius,
462 1411 512 1437 Nr.
533 1410 638 1437 LXIV.
662 1425 694 1428 —
717 1409 736 1437 4
756 1410 874 1438 Doleas.
896 1424 931 1429 -
953 1409 969 1437 7
991 1411 1127 1438 Fervens.
1149 1425 1186 1428 —
1206 1409 1411 1438 Anscheineud
1433 1411 1547 1447 Tropus

232 1448 304 1476 iiber
324 1448 379 1475 den
400 1448 488 1475 Vers:
519 1448 612 1483 „Ego
641 1450 749 1482 quasi
773 1450 869 1476 vitis
890 1449 1126 1476 fructificavi
1149 1451 1384 1476 suavitatem
1405 1449 1547 1481 odoris,

233 1490 268 1513 et
289 1485 407 1513 flores
428 1487 497 1513 mei
519 1488 665 1513 fructus
687 1485 852 1513 honoris
872 1491 906 1514 et
926 1485 1173 1514 honestatis“.
1214 1487 1317 1518 (Eccli.
1338 1485 1384 1519 24,
1407 1485 1461 1521 23),
1494 1488 1547 1515 Als

235 1526 329 1551 einem
356 1524 608 1552 Gradual-Versus
637 1526 687 1552 bin
715 1525 761 1551 ich
790 1525 948 1560 allerdings
977 1525 1083 1553 diesem
1113 1526 1221 1553 Versus
1249 1526 1365 1562 bislang
1392 1526 1473 1553 nicht
1499 1528 1547 1554 be-

233 1566 348 1598 gegnet.
368 1577 406 1582 -—
426 1563 495 1589 Man
524 1562 659 1595 beachte,
688 1563 751 1589 dass
779 1564 827 1589 ein
848 1564 1007 1590 Reimwort
1026 1563 1079 1590 auf
1096 1563 1250 1591 honoris
1272 1564 1362 1591 durch
1385 1563 1432 1592 die
1453 1573 1546 1601 ganze

234 1600 384 1637 Dichtung
404 1600 610 1627 wiederkehrt:
632 1603 704 1628 Vers
728 1600 751 1633 1,
773 1598 800 1633 3,
825 1600 867 1633 16,
890 1599 935 1632 23,
957 1600 1002 1634 27,
1023 1598 1068 1628 35.

571 1713 639 1744 4:1⁸⁴.
675 1714 712 1743 In
733 1713 921 1745 Nativitate
942 1714 1071 1745 Beatae
1093 1715 1137 1746 M.
1160 1715 1199 1746 V.

627 1794 656 1826 1.
684 1791 850 1823 Trinitatis
876 1792 977 1832 gloria

684 1844 810 1871 resonet
836 1845 954 1880 nostra,

686 1896 812 1927 semper
837 1887 930 1920 simul
954 1888 1079 1928 agmina

686 1936 868 1975 angelorum
895 1936 1013 1968 caelica

686 1983 782 2023 digna
808 1983 875 2015 Deo
901 1985 1036 2023 cantica7

733 2031 886 2066 Alleluia,

231 2092 290 2123 2a.
325 2089 473 2121 Humana
498 2092 622 2121 natura.
917 2088 978 2122 2b.
1010 2088 1054 2122 Ut
1081 2094 1193 2122 cuncta
1219 2091 1341 2124 relaxet

325 2137 457 2177 propria
481 2137 601 2167 scelera
1013 2139 1136 2177 potenti
1163 2139 1276 2179 gratia,

324 2183 496 2225 flagitando
523 2183 634 2215 sedula
1012 2185 1065 2225 qui
1091 2187 1213 2218 creavit
1237 2187 1342 2219 omnia

326 2232 434 2264 diviua
462 2228 544 2275 [sua]
571 2231 741 2263 clementia
1011 2241 1147 2273 regnans
1173 2234 1241 2266 sine
1266 2234 1329 2267 fine
1350 2245 1409 2276 per
1425 2237 1546 2271 saecla.

231 2302 290 2334 3a.
325 2300 469 2332 Omnium
917 2298 979 2331 3b.
1010 2300 1171 2333 Virtutum

324 2347 524 2388 splendidior
550 2346 664 2380 merito
1011 2348 1145 2388 pulchra
1171 2358 1204 2381 es
1231 2359 1338 2382 coram
1363 2357 1487 2384 summo

623 2416 654 2446 4.
683 2412 832 2447 Domino.
