1653 2689
601 601 645 637 Ε.
686 599 901 637 offertoria
926 600 1179 645 Rhythmica.

745 743 814 774 652).
846 743 915 774 Pro
938 743 1038 774 Pace.

235 826 295 856 la.
331 825 445 856 Pacem
471 827 557 854 tuam
583 823 674 854 mitte
697 823 800 865 nobis,
922 822 984 856 lb.
1014 822 1105 855 Sicut
1131 823 1227 854 corde
1249 832 1332 862 puro
1354 823 1446 855 nobis

378 871 433 903 Pie
460 871 596 909 Christe,
625 870 768 911 caelitus,
1062 872 1092 902 A
1118 874 1150 901 te
1177 870 1247 902 dari
1273 872 1419 910 petimus,

236 940 295 971 Za.
333 938 409 970 Cum
432 946 553 970 summo
579 938 675 968 simus
701 935 814 968 afflicti
922 936 983 970 2b.
1015 937 1146 976 Absque
1171 940 1225 969 tua
1250 937 1399 978 largitate

378 986 556 1025 Languore,
583 994 645 1016 non
668 993 835 1025 possumus
1065 984 1212 1017 Liberari
1238 986 1394 1026 protinus.

233 1054 292 1085 3³.
328 1053 454 1084 Idcirco
481 1052 620 1084 lacrimis
647 1050 725 1082 fusis
922 1051 983 1085 3b.
1016 1051 1058 1084 Ut
1085 1052 1209 1083 miseris
1236 1051 1318 1083 hauc
1343 1053 1502 1085 concedas

382 1100 495 1132 Cordis
522 1108 633 1139 preces
660 1099 832 1140 fundimus,
1063 1099 1140 1131 Tuis
1167 1100 1260 1131 dulce
1286 1099 1435 1139 precibus

598 1168 628 1198 4.
656 1165 718 1197 Hic
744 1169 775 1196 et
801 1165 927 1196 excelso
954 1165 1111 1197 caelorum

702 1214 809 1252 Ipsam
834 1213 989 1244 omnibus.

308 1289 391 1316 Miss.
413 1288 599 1316 Pictavieuse
621 1290 688 1324 imp.
709 1288 832 1315 Parisiis
856 1287 937 1315 1498.

574 1399 642 1429 653.
674 1398 712 1428 111
734 1398 923 1429 Nativitate
945 1398 1074 1429 Beatae
1095 1399 1139 1429 M.
1163 1400 1201 1430 V.

230 1471 281 1503 la
309 1470 394 1508 ⁴Cor,
421 1478 532 1501 manus
557 1468 727 1509 offerimus,
918 1468 979 1501 lb.
1012 1469 1075 1501 Sed
1101 1470 1190 1509 quid,
1218 1477 1288 1500 cum
1316 1471 1496 1512 recolimus,

327 1517 379 1548 Ad
406 1521 538 1549 matrem
565 1516 772 1558 confugimus,
1011 1517 1110 1556 Quam
1137 1526 1233 1556 grave
1261 1517 1476 1558 deliquimus?
1535 1515 1541 1521 ⁸

326 1565 374 1596 De
400 1568 501 1596 matre
528 1564 724 1603 confidimus,
1012 1565 1135 1597 Statum
1161 1568 1305 1597 nostrum
1327 1566 1521 1609 plangimuS‚

371 1612 451 1652 Quia
476 1616 588 1644 mater.
1057 1612 1134 1645 Cum
1161 1613 1201 1644 sit
1227 1617 1308 1646 ater.

231 1681 291 1712 2a.
325 1679 421 1719 Ergo,
449 1679 544 1718 plena
569 1679 681 1718 gratia,
919 1678 979 1712 2b.
1011 1679 1055 1711 Ut
1081 1680 1113 1711 in
1139 1680 1219 1711 caeli
1245 1680 1333 1712 curia

325 1726 404 1766 Spes
431 1730 539 1758 nostra
566 1726 729 1766 primaria,
1013 1727 1090 1759 Post
1114 1727 1193 1759 haec
1218 1728 1406 1761 transitoria

326 1774 389 1806 Per
413 1774 492 1805 haec
518 1775 602 1805 vitae
628 1774 719 1806 devia
1014 1775 1104 1806 Patri
1127 1779 1201 1807 nato
1228 1777 1359 1814 praevia

374 1822 440 1854 Nos
467 1826 634 1861 sustentes„
1061 1822 1128 1854 Nos
1153 1828 1350 1863 praesentes.

307 1898 391 1925 Miss.
411 1896 607 1925 Laudunense
628 1898 698 1932 imp.
720 1897 845 1924 Parisiis
867 1895 949 1924 1557.
972 1912 1006 1915 —
1029 1896 1083 1931 21),
1103 1895 1121 1924 2
1142 1898 1197 1926 Per
1217 1899 1300 1926 haec.

550 2008 619 2039 654.
651 2009 688 2038 111
710 2008 949 2047 Compassione
970 2009 1100 2041 Beatae
1121 2010 1166 2041 Μ.
1190 2012 1228 2042 V.

234 2082 292 2114 la.
329 2080 490 2113 Christum
517 2088 609 2111 cruce
634 2083 792 2111 mortuum
923 2082 938 2113 1
953 2081 983 2112 b.
1013 2081 1140 2113 Maesta
1166 2087 1269 2114 mater
1294 2083 1411 2123 aspicit

376 2131 502 2160 nostros
527 2127 567 2159 ob
595 2127 738 2159 defectus
1061 2130 1131 2169 pios
1154 2139 1213 2170 per
1238 2129 1370 2163 affectus

232 2198 293 2230 2a.
327 2195 369 2227 Et
396 2194 546 2227 clamavit
573 2194 718 2227 lacerans
923 2194 984 2228 2b.
1016 2195 1087 2228 Heu
1113 2205 1172 2239 me,
1199 2197 1284 2229 iacet
1308 2197 1392 2230 filius

378 2242 511 2283 capillos
538 2246 569 2274 et
594 2247 724 2282 pectus:
1063 2252 1150 2276 meus
1177 2245 1229 2277 hic
1254 2245 1435 2286 despectus,

235 2312 293 2344 3a.
329 2309 442 2350 Nuper
467 2309 551 2341 inter
575 2309 661 2341 milia
923 2309 985 2343 3b.
1016 2310 1060 2343 Ut
1086 2320 1213 2344 murrae
1239 2310 1410 2344 fasciculus

377 2357 431 2398 qui
457 2356 517 2389 fuit
544 2357 674 2390 electus.
1063 2367 1152 2390 meus
1178 2360 1224 2392 sic
1250 2359 1396 2392 dilectus.

309 2435 395 2464 Miss.
414 2433 604 2469 Lingonense
625 2433 694 2468 imp.
713 2432 815 2460 Treeis
838 2431 921 2461 1549.
940 2448 977 2453 —-
1001 2432 1055 2469 31),
1079 2434 1093 2462 1
1115 2434 1207 2462 Sicut.
