1653 2689
735 114 1026 154 —26—‚

616 265 645 295 7.
675 264 714 295 In
734 263 925 295 nativitate
946 263 1097 294 Domini.

686 333 728 361 In
754 334 869 360 tertia
896 331 1023 359 Missa..

597 399 779 432 Laudemus
805 407 913 431 omnes
938 398 1121 437 Dominum,

597 448 655 486 Qui
684 447 816 487 virginis
841 455 901 487 per
925 449 1050 478 uterum

597 495 719 527 Parvus
743 495 774 526 in
802 494 955 525 mundum
979 495 1124 533 venerat,

597 542 751 574 Mundum
778 550 902 582 regens,
929 550 1022 580 quem
1050 540 1183 575 fecerat.

653 590 741 622 Puer
765 592 863 622 natus
890 592 934 622 est
959 588 1052 621 nobis
1079 591 1138 621 eto.

274 685 359 719 Trop.
383 693 434 711 ms.
456 684 690 719 Sangallense(?)
709 692 784 711 saec.
809 682 852 712 Lo.
893 683 963 712 Cod.
984 683 1189 711 Vindobonen.
1213 680 1295 710 1609.
1310 684 1344 710 Α.
1366 697 1402 702 —
1423 683 1513 718 Trop.

198 732 249 749 ms.
272 722 463 757 Sangallense
484 731 559 750 saeta
584 721 626 750 10.
667 722 737 750 Cod.
756 722 925 757 Sangallen.
946 719 1012 749 484.
1027 722 1060 748 B.
1083 735 1122 740 —
1141 722 1229 757 Trop.
1250 730 1303 748 ms.
1318 721 1513 758 Sangallense

198 770 272 787 saec.
305 760 347 787 10.
389 761 457 787 Cod.
481 760 648 796 Sangallen.
680 758 744 788 378.
767 759 797 787 C.
828 774 865 780 ——
891 761 978 796 Trop.
1007 769 1060 787 ms.
1091 760 1285 796 Sangallense
1307 768 1383 788 saec.
1408 759 1452 787 ll.
1473 762 1512 787 in.

196 799 265 826 (sod.
290 799 457 834 Sangallen.
480 796 544 826 381.
566 799 602 828 D.
623 812 660 817 —
680 798 768 834 Trop.
791 808 842 826 ms.
864 799 1058 835 Sangallense
1080 806 1155 825 saec.
1180 797 1223 825 11.
1254 799 1324 826 Cod.
1341 798 1513 834 Sangallen.

197 835 262 864 376.
278 837 312 863 Ε.
333 852 370 855 —
391 837 477 873 Trop.
500 846 551 864 ms.
567 837 760 872 Sangallense
781 845 857 864 saec.
882 836 924 864 11.
957 837 1026 864 Cod.
1043 836 1212 872 Sangallen.
1234 834 1299 864 380.
1314 837 1346 864 F.
1367 852 1405 856 —
1425 837 1514 872 Trop.

198 884 249 902 ms,
270 876 417 909 Augiense
439 883 514 902 saec.
539 873 580 902 10.
622 876 688 902 Coc.
712 875 903 912 Bambergen.
921 874 965 903 Ed
980 876 1006 901 V
1027 873 1052 902 9.
1068 876 1102 903 G.
1124 889 1161 893 —
1181 874 1269 911 Trop.
1291 884 1344 902 ms.
1358 875 1513 902 Mindense

198 914 267 940 anni
292 911 371 940 1024.
413 913 482 940 eod.
506 914 671 940 Berolinen.
693 912 781 940 theol.
804 911 866 940 1v⁰
888 912 931 940 11.
954 915 991 940 H.
1013 927 1050 932 —
1071 914 1157 948 Trop.
1180 922 1233 940 ms.
1259 913 1513 941 Heidenhemense

195 960 269 978 saec.
294 950 336 978 11.
372 951 441 979 Cod.
463 952 604 979 Oxouien.
620 951 696 978 Seld.
719 960 808 988 supra
828 949 873 978 27.
888 952 962 979 1.-
983 951 1002 979 4
1022 951 1094 979 fehlt
1114 952 1148 978 A.
1164 966 1202 970 -—
1221 950 1240 978 4
1260 952 1386 989 Magnus
1407 960 1510 988 regens

199 991 220 1016 I.
243 1004 279 1007 —
300 989 360 1016 Der
380 989 585 1016 Introitustext
606 990 698 1017 selbst
718 991 756 1016 ist
776 992 915 1026 tropiert,
938 991 1008 1017 aber
1030 991 1060 1016 in
1080 990 1186 1022 Prusa,
1208 989 1267 1017 und
1288 998 1366 1017 zwar
1387 990 1461 1026 folgt
1480 992 1512 1018 in

197 1028 222 1054 E
236 1028 257 1053 F
269 1028 312 1053 H:
338 1027 523 1061 .,1neflabilis,
545 1028 628 1054 fortis
644 1032 673 1055 et
687 1029 841 1061 mirabilis,
866 1026 907 1055 Et
920 1027 1004 1063 filius
1019 1026 1109 1055 (latus
1124 1030 1167 1055 est
1181 1032 1243 1058 etc..
1266 1029 1296 1055 in
1311 1029 1367 1056 den
1381 1028 1510 1056 anderen

198 1066 320 1099 Qnellen
350 1066 485 1099 „Praeter
516 1068 645 1093 omniurn
677 1075 830 1102 puerorum
860 1066 1101 1094 consuetudinem
1130 1066 1166 1093 de
1191 1067 1307 1102 virgine
1332 1070 1513 1101 procreatus,

197 1102 238 1130 Et
259 1103 358 1137 silz'zts“
382 1106 434 1130 etc.
458 1120 492 1124 ψ-
515 1104 670 1139 Ursprung
690 1104 765 1131 wohl
789 1106 819 1131 in
841 1105 887 1132 St.
903 1105 1057 1138 Gallen;
1082 1104 1140 1131 alle
1160 1105 1206 1132 die
1227 1105 1346 1132 fihnlich
1368 1106 1514 1140 gebauten

198 1142 436 1168 Introductionen
459 1142 599 1169 schemen
620 1143 709 1169 sehon
726 1142 799 1169 nach
816 1144 949 1170 Ausweis
970 1143 1022 1170 der
1036 1142 1161 1176 Quellen
1175 1142 1295 1170 don-ther
1309 1152 1345 1170 zu
1361 1147 1514 1171 stammeu.

609 1298 639 1327 8.
671 1299 709 1328 ln
729 1298 920 1329 Nativitate
941 1298 1089 1330 Domini.

691 1368 730 1394 In
756 1368 874 1394 tertia
894 1369 1015 1394 missa.

594 1443 700 1474 Hodie

594 1490 728 1522 Aeterni
753 1492 854 1531 patris
879 1490 963 1523 filius

598 1539 750 1577 supernis
777 1539 816 1570 de
841 1539 970 1570 sedibus

595 1586 705 1626 Ovem,
731 1595 823 1626 quam
849 1587 1047 1628 perdiderat,

596 1633 632 1664 In
656 1637 773 1665 terram
800 1643 954 1673 quaerens
981 1639 1130 1676 venerat;

654 1681 742 1713 Puer
766 1686 864 1714 natus
891 1684 933 1713 est
959 1682 1051 1714 nobis
1077 1686 1131 1716 ete.

273 1775 358 1810 Trop.
382 1783 433 1801 ms.
456 1774 709 1803 Heidenhemense
731 1784 806 1803 saec.
824 1776 866 1803 11.
909 1776 978 1804 Cod.
1000 1777 1144 1806 Oxonien.
1166 1778 1243 1806 Seld.
1265 1789 1355 1816 supra
1375 1779 1421 1809 27.

613 1932 642 1963 9.
674 1932 711 1962 In
735 1932 923 1962 Nativitate
945 1933 1093 1965 Domini.

685 2001 727 2027 111
753 2002 872 2028 tertia
897 2002 1020 2028 Missa.

596 2077 702 2110 Hodie

595 2126 667 2158 Lux
694 2134 769 2157 vera
795 2125 966 2166 effulserat,

596 2173 692 2205 Vates
719 2182 811 2213 quam
839 2175 1065 2215 praedixeram

598 2221 762 2253 Coneeutu
787 2221 896 2254 dicant
921 2223 1062 2262 supplici

597 2269 712 2301 Omnes
738 2273 833 2309 atque
859 2269 994 2310 singuli:

654 2316 742 2348 Puer
765 2319 866 2350 natus
893 2321 937 2350 est
962 2319 1053 2351 nobis
1079 2323 1133 2353 etc.

273 2412 360 2448 Trop.
382 2420 434 2439 ms.
457 2411 712 2440 Heidenhemense
733 2420 809 2440 saec.
834 2412 877 2440 11.
918 2413 987 2441 Cod.
1011 2416 1154 2444 Oxonien.
1176 2416 1255 2445 Seld.
1277 2425 1366 2453 supra
1387 2415 1433 2446 27.
