1653 2689
169 76 297 112 (ἓ

299 77 313 113 ’Ἃ

690 107 948 142 -201-

353 199 410 236 14.
436 201 484 235 Et
507 203 633 236 invenit
655 205 800 246 qratiam
825 215 934 238 coram
962 205 1063 238 oculis
1089 206 1229 238 Domini

509 251 659 284 Sedentis
683 254 717 285 in
742 262 901 293 supernae
926 263 1000 286 arce
1026 255 1215 289 maiestatis.

353 298 410 332 15.
435 298 666 340 Maym'ficavit
692 310 761 333 eum
790 302 825 333 in
850 305 1019 342 conspectu
1045 312 1155 343 reyum

317 349 322 353 '
515 348 597 380 Puro
623 350 719 382 corde
747 349 808 381 sibi
836 349 1068 390 famulantium,

357 395 411 429 16.
438 395 482 427 Et
508 395 595 428 dedic
618 396 668 428 illi
693 407 848 429 eoronam
871 398 996 438 yloriae

511 444 676 487 Caelestis,
704 445 757 477 ubi
786 445 925 479 laetatur
951 446 1018 478 sine
1045 446 1118 478 fine.

354 490 408 525 17.
436 490 561 524 Statuit
586 492 637 524 illi
663 496 886 526 testamentum
915 497 1091 537 aetermam,

505 541 595 581 Quod
622 541 802 580 possidebit
824 542 856 573 in
883 550 1059 579 aeternum,

353 587 410 621 18.
436 587 480 620 Et
505 588 592 621 dedit
616 589 664 619 illi
689 589 903 622 sacerdotium
933 599 1099 632 maynum,

507 637 661 676 Quoniam
688 638 783 675 elegit
809 646 879 669 eum
906 639 937 669 in
964 638 1163 670 sacerdotem
1190 647 1355 676 summum,

355 683 410 717 19.
437 683 482 716 Et
507 684 703 725 beatificavit
729 685 822 717 illum
848 687 882 716 in
907 686 1025 727 ylario,

508 732 574 766 Ubi
600 736 647 764 est
673 738 854 765 sanctorum
882 734 1004 765 laetitia

507 780 552 812 Et
576 781 760 820 angelorum
787 782 943 819 custodia,

353 828 409 860 20.
436 827 547 870 Fumyz·
572 829 751 861 sacerdotio

509 877 545 908 In
572 885 628 909 suo
654 877 818 916 episcopio

356 923 413 957 21.
440 923 484 956 Et
508 924 622 956 habere
649 925 778 956 laudem
803 924 839 955 in
864 925 997 961 nomine
1024 925 1137 967 ipsius,

515 972 574 1012 Qui
605 977 786 1004 sanctorum
813 973 967 1012 splendor
993 978 1038 1003 cst
1066 973 1174 1014 mirus,

354 1020 412 1051 22.
440 1019 484 1052 Et
510 1019 625 1060 offerre
649 1019 700 1052 ‘illi
723 1020 893 1052 incensum
919 1020 1053 1060 diynum

513 1067 665 1099 Divinum
692 1067 824 1099 libando
850 1068 1040 1100 sacrificium

355 1116 411 1148 23.
438 1114 482 1146 In
507 1114 638 1147 odorem
663 1116 846 1148 suavitatis,

230 1208 320 1244 Trop.
349 1218 402 1236 ms.
429 1211 590 1237 Troianum
628 1218 703 1237 saec.
752 1209 822 1237 Cod.
849 1210 1036 1244 Neapolitan.
1066 1209 1106 1235 VI
1135 1209 1159 1235 G
1188 1207 1234 1236 34.
1261 1223 1298 1227 —
1326 1207 1477 1235 Abschrift

152 1246 245 1274 durch
266 1249 485 1275 Bannister.
507 1262 543 1267 -
568 1247 600 1281 l,
625 1246 642 1274 2
663 1248 764 1283 digne:
794 1257 886 1283 gegen
908 1249 964 1275 den
984 1247 1183 1274 Binnenreim.
1206 1262 1242 1265 -—
1263 1245 1296 1279 2,
1319 1245 1336 1273 2
1357 1247 1474 1274 Procla-

153 1288 276 1313 mautes.
299 1301 335 1305 —
356 1286 440 1313 Naeh
460 1284 492 1320 9,
520 1284 538 1313 2
566 1287 605 1312 ist
633 1290 722 1313 etwas
743 1286 939 1321 ausgefallen,
973 1294 1032 1312 was
1053 1286 1212 1312 Bauuister
1231 1285 1274 1312 ais
1298 1284 1476 1320 Episteltext

151 1324 246 1351 ansah
267 1323 328 1351 und
349 1324 440 1352 daher
464 1333 519 1351 nur
540 1324 631 1351 durch
653 1325 700 1352 die
722 1325 1037 1360 Anfangsbuchstabeu
1059 1324 1109 1350 der
1133 1323 1285 1351 einzelnen
1306 1323 1408 1350 Worte
1426 1324 1474 1357 „12

150 1362 179 1389 d.
209 1372 234 1389 e.
261 1372 289 1389 n.
318 1371 346 1398 p.
374 1361 414 1390 e.“
441 1363 605 1390 andeutete.
627 1377 664 1380 —
689 1361 737 1393 11,
763 1362 781 1389 2
802 1363 917 1390 scheint
937 1365 985 1390 ein
1006 1363 1183 1389 Hexameter
1205 1371 1240 1389 zu
1262 1363 1343 1393 sein,
1371 1362 1476 1388 desseu

155 1400 276 1428 Schluss
297 1402 328 1427 in
349 1401 400 1428 der
416 1401 507 1429 Feder
528 1401 622 1434 blieb3
644 1402 710 1428 weil
733 1401 780 1428 die
796 1401 885 1428 Verse
906 1401 957 1428 der
981 1399 1004 1428 1.
1027 1401 1151 1435 Strophe
1175 1400 1355 1428 leoninische
1377 1399 1475 1426 Hexa-

152 1442 245 1467 meter
266 1439 341 1473 sind,
362 1439 459 1468 diirfte
481 1440 555 1466 auch
576 1439 640 1467 hier
661 1441 710 1466 ein
731 1438 846 1466 soleher
869 1439 1081 1466 rekonstruiert
1096 1439 1212 1466 werden
1229 1440 1357 1469 miissen,
1379 1439 1477 1465 zumal

151 1478 231 1505 daun
256 1477 331 1505 auch
353 1479 404 1505 der
424 1479 508 1506 Reim
531 1478 584 1505 mit
605 1479 670 1505 dein
692 1477 950 1512 vorhcrgehenden
965 1477 1144 1512 Episteltext
1163 1477 1295 1513 gewahrt
1315 1476 1416 1503 bleibt.
1438 1491 1474 1495 —

153 1515 202 1549 12,
232 1515 249 1542 2
278 1525 319 1551 sp.
349 1516 543 1552 Entlelmnng
570 1525 597 1543 u.
628 1525 651 1542 z.
675 1516 732 1543 Str.
760 1514 790 1547 2,
819 1515 837 1543 3
865 1526 907 1551 sq.
934 1524 987 1543 aus
1017 1517 1113 1549 „Iste
1140 1513 1355 1542 confessor“
1379 1514 1476 1546 (Anal.

152 1555 260 1590 Hymn.
284 1555 323 1585 ΙΙ,
347 1556 398 1582 Nr.
424 1554 485 1582 101.
508 1570 539 1574 —
569 1554 612 1587 13,
634 1553 651 1581 2
673 1555 855 1590 Hirroganti.
878 1570 912 1574 —
938 1553 988 1585 14.
1013 1553 1031 1581 2
1052 1555 1187 1589 supernis
1208 1554 1372 1580 maiestatis
1394 1561 1475 1587 arce3

150 1601 245 1629 gegen
267 1594 323 1620 den
338 1594 431 1621 Reim.
453 1608 489 1612 —-
513 1592 555 1625 18,
578 1592 595 1620 2
616 1592 796 1620 sacerdotem
819 1593 886 1620 sibi.
908 1608 945 1611 —
965 1590 1010 1625 21,
1033 1591 1050 1619 2
1072 1592 1290 1626 est1nirabilis3
1311 1600 1405 1627 gegen
1419 1591 1475 1618 den

151 1633 247 1659 Reim.
269 1646 306 1651 *-
334 1632 516 1668 Episteltext
544 1632 603 1658 und
624 1632 887 1667 Tropierungstext
913 1631 978 1658 sind
1007 1630 1097 1658 durch
1124 1631 1179 1657 den
1201 1631 1285 1658 Reim
1312 1629 1476 1665 gebunden‚

150 1670 270 1697 ahnlich
292 1671 348 1698 wie
372 1671 417 1697 bei
440 1671 489 1697 Nr.
511 1668 582 1703 4003
603 1670 670 1697 dort
690 1671 760 1697 aber
782 1671 820 1696 ist
842 1669 1015 1703 Rhythmus⁷
1037 1669 1100 1696 hier
1120 1670 1301 1705 Reimprosa.

576 1811 644 1842 410.
678 1812 716 1842 In
738 1811 849 1842 saneti
874 1811 1052 1849 Stephani.

368 1905 397 1937 1.
426 1901 615 1935 Laudabilis
645 1898 663 1917 *
693 1901 783 1933 miles
810 1904 841 1932 et
868 1904 1070 1942 praepotens,

421 1952 521 1991 Quem
548 1950 689 1982 visitavit
717 1946 736 1965 *
764 1959 804 1982 ex
829 1949 904 1981 altis
929 1950 1047 1988 oriens,

422 2000 458 2032 In
486 1999 566 2031 hora
591 1999 703 2031 mortis
775 2007 869 2038 quam
896 1996 957 2029 fuit
982 1998 1116 2038 patiens,

422 2047 560 2080 Pulchre
588 2047 731 2079 declarat
758 2043 777 2062 *
807 2043 913 2089 [haec]
942 2055 1095 2086 praesens
1121 2045 1214 2078 lectio

464 2093 599 2123 Aetuum
620 2091 836 2129 apostolorum,

364 2138 396 2170 2.
426 2135 485 2175 Qui
513 2134 651 2167 debriati
679 2131 698 2150 *
726 2133 864 2165 flaminis
890 2134 1004 2174 gratia,

420 2183 504 2216 Dum
532 2183 729 2224 largirentur
757 2178 775 2198 *
802 2182 834 2214 in
863 2182 1059 2221 lerosolyma

421 2232 562 2265 Iudaeae
587 2230 675 2271 plebi
704 2228 723 2247 *
751 2230 873 2263 caelica
898 2230 1027 2272 pabula,

461 2277 496 2307 in
517 2277 622 2307 (liebus
644 2276 707 2305 illis

362 2323 394 2355 3.
420 2320 598 2360 Elegerunt
623 2322 745 2359 septem
773 2317 888 2350 levitas
914 2318 947 2350 in
974 2317 1162 2355 ministerio,

417 2369 467 2401 De
492 2378 628 2409 quorum
653 2367 788 2408 collegio

461 2413 639 2452 Stephanus
656 2413 770 2451 plenus
789 2413 892 2451 qratia
915 2415 940 2442 et
961 2410 1143 2449 fortitudine

729 1995 747 2014 *
