<?xml version="1.0" encoding="UTF-8"?>
<!DOCTYPE html PUBLIC "-//W3C//DTD XHTML 1.0 Transitional//EN"
    "http://www.w3.org/TR/xhtml1/DTD/xhtml1-transitional.dtd">
<html xmlns="http://www.w3.org/1999/xhtml" xml:lang="en" lang="en">
 <head>
  <title>
</title>
<meta http-equiv="Content-Type" content="text/html;charset=utf-8" />
  <meta name='ocr-system' content='tesseract 3.04.00' />
  <meta name='ocr-capabilities' content='ocr_page ocr_carea ocr_par ocr_line ocrx_word'/>
</head>
<body>
  <div class='ocr_page' id='page_1' title='image "./analectahymnica49drevuoft_0059.png"; bbox 0 0 1653 2689; ppageno 0'>
   <div class='ocr_carea' id='block_1_1' title="bbox 745 105 984 140">
    <p class='ocr_par' dir='ltr' id='par_1_1' title="bbox 745 105 984 140">
     <span class='ocr_line' id='line_1_1' title="bbox 745 105 984 140; baseline -0.008 -10"><span class='ocrx_word' id='word_1_1' title='bbox 745 105 984 140; x_wconf 53' lang='lat'>*56:-</span> 
     </span>
    </p>
   </div>
   <div class='ocr_carea' id='block_1_2' title="bbox 317 196 1357 367">
    <p class='ocr_par' dir='ltr' id='par_1_2' title="bbox 317 196 1240 283">
     <span class='ocr_line' id='line_1_2' title="bbox 317 196 1240 244; baseline -0.009 -8"><span class='ocrx_word' id='word_1_2' title='bbox 317 204 348 237; x_wconf 90' lang='lat'>3.</span> <span class='ocrx_word' id='word_1_3' title='bbox 376 203 518 244; x_wconf 80' lang='lat' dir='ltr'>Mystica</span> <span class='ocrx_word' id='word_1_4' title='bbox 542 202 696 242; x_wconf 84' lang='lat' dir='ltr'>perdocui</span> <span class='ocrx_word' id='word_1_5' title='bbox 721 201 846 243; x_wconf 88' lang='lat' dir='ltr'>gemina</span> <span class='ocrx_word' id='word_1_6' title='bbox 871 202 1072 232; x_wconf 75' lang='lat' dir='ltr'>sacramenta</span> <span class='ocrx_word' id='word_1_7' title='bbox 1096 196 1240 238; x_wconf 77' lang='lat' dir='ltr'>sophiae,</span> 
     </span>
     <span class='ocr_line' id='line_1_3' title="bbox 437 246 992 283; baseline -0.007 -7"><span class='ocrx_word' id='word_1_8' title='bbox 437 248 588 277; x_wconf 74' lang='lat' dir='ltr'>mirabilis</span> <span class='ocrx_word' id='word_1_9' title='bbox 609 249 691 283; x_wconf 81' lang='lat' dir='ltr'>facta</span> <span class='ocrx_word' id='word_1_10' title='bbox 712 249 753 274; x_wconf 77' lang='lat' dir='ltr'>est</span> <span class='ocrx_word' id='word_1_11' title='bbox 775 246 901 274; x_wconf 73' lang='lat' dir='ltr'>scientia</span> <span class='ocrx_word' id='word_1_12' title='bbox 920 248 992 281; x_wconf 75' lang='lat' dir='ltr'>tua,-</span> 
     </span>
    </p>

    <p class='ocr_par' dir='ltr' id='par_1_3' title="bbox 317 280 1357 367">
     <span class='ocr_line' id='line_1_4' title="bbox 317 280 1357 329; baseline -0.009 -8"><span class='ocrx_word' id='word_1_13' title='bbox 317 291 349 322; x_wconf 87' lang='lat'>4.</span> <span class='ocrx_word' id='word_1_14' title='bbox 377 289 487 327; x_wconf 83' lang='lat' dir='ltr'>Omne,</span> <span class='ocrx_word' id='word_1_15' title='bbox 514 289 598 329; x_wconf 88' lang='lat' dir='ltr'>quod</span> <span class='ocrx_word' id='word_1_16' title='bbox 623 297 706 320; x_wconf 89' lang='lat' dir='ltr'>nunc</span> <span class='ocrx_word' id='word_1_17' title='bbox 732 286 845 326; x_wconf 84' lang='lat' dir='ltr'>spirat,</span> <span class='ocrx_word' id='word_1_18' title='bbox 872 291 973 327; x_wconf 84' lang='lat' dir='ltr'>pater,</span> <span class='ocrx_word' id='word_1_19' title='bbox 1001 289 1033 316; x_wconf 87' lang='lat' dir='ltr'>te</span> <span class='ocrx_word' id='word_1_20' title='bbox 1057 282 1170 316; x_wconf 81' lang='lat' dir='ltr'>laudat</span> <span class='ocrx_word' id='word_1_21' title='bbox 1194 280 1357 313; x_wconf 84' lang='lat' dir='ltr'>canendo:</span> 
     </span>
     <span class='ocr_line' id='line_1_5' title="bbox 436 332 744 367; baseline -0.013 -4"><span class='ocrx_word' id='word_1_22' title='bbox 436 333 580 367; x_wconf 75' lang='lat' dir='ltr'><em>Alleluia,</em></span> <span class='ocrx_word' id='word_1_23' title='bbox 600 332 744 361; x_wconf 77' lang='lat' dir='ltr'><em>Alleluia.</em></span> 
     </span>
    </p>
   </div>
   <div class='ocr_carea' id='block_1_3' title="bbox 209 392 1530 741">
    <p class='ocr_par' dir='ltr' id='par_1_4' title="bbox 209 392 1530 741">
     <span class='ocr_line' id='line_1_6' title="bbox 286 392 1527 438; baseline -0.009 -8"><span class='ocrx_word' id='word_1_24' title='bbox 286 403 373 438; x_wconf 89' lang='lat' dir='ltr'>Trop.</span> <span class='ocrx_word' id='word_1_25' title='bbox 400 411 452 429; x_wconf 87' lang='lat' dir='ltr'>ms.</span> <span class='ocrx_word' id='word_1_26' title='bbox 479 402 669 430; x_wconf 79' lang='lat' dir='ltr'>Martialense</span> <span class='ocrx_word' id='word_1_27' title='bbox 697 408 772 427; x_wconf 77' lang='lat' dir='ltr'>saec.</span> <span class='ocrx_word' id='word_1_28' title='bbox 803 397 846 426; x_wconf 92' lang='lat'>10.</span> <span class='ocrx_word' id='word_1_29' title='bbox 887 398 957 425; x_wconf 85' lang='lat' dir='ltr'>cod.</span> <span class='ocrx_word' id='word_1_30' title='bbox 978 397 1106 424; x_wconf 75' lang='lat' dir='ltr'>Par-ism.</span> <span class='ocrx_word' id='word_1_31' title='bbox 1138 393 1220 423; x_wconf 84' lang='lat'>1084.</span> <span class='ocrx_word' id='word_1_32' title='bbox 1241 394 1275 422; x_wconf 88' lang='lat' dir='ltr'>A.</span> <span class='ocrx_word' id='word_1_33' title='bbox 1301 409 1332 414; x_wconf 92' lang='lat'>—</span> <span class='ocrx_word' id='word_1_34' title='bbox 1354 392 1442 429; x_wconf 84' lang='lat' dir='ltr'>Trop.</span> <span class='ocrx_word' id='word_1_35' title='bbox 1470 399 1527 420; x_wconf 77' lang='lat' dir='ltr'>ms.</span> 
     </span>
     <span class='ocr_line' id='line_1_7' title="bbox 211 431 1527 469; baseline -0.008 -2"><span class='ocrx_word' id='word_1_36' title='bbox 211 440 410 468; x_wconf 80' lang='lat' dir='ltr'>Martialense.</span> <span class='ocrx_word' id='word_1_37' title='bbox 440 449 515 468; x_wconf 74' lang='lat' dir='ltr'>saeC.</span> <span class='ocrx_word' id='word_1_38' title='bbox 539 438 581 467; x_wconf 92' lang='lat'>10.</span> <span class='ocrx_word' id='word_1_39' title='bbox 603 448 646 466; x_wconf 85' lang='lat' dir='ltr'>ex.</span> <span class='ocrx_word' id='word_1_40' title='bbox 687 437 758 466; x_wconf 82' lang='lat' dir='ltr'>Cod.</span> <span class='ocrx_word' id='word_1_41' title='bbox 780 437 906 464; x_wconf 87' lang='lat' dir='ltr'>Parisin.</span> <span class='ocrx_word' id='word_1_42' title='bbox 929 434 1012 464; x_wconf 86' lang='lat'>1118.</span> <span class='ocrx_word' id='word_1_43' title='bbox 1032 435 1066 462; x_wconf 89' lang='lat' dir='ltr'>B.</span> <span class='ocrx_word' id='word_1_44' title='bbox 1089 449 1125 453; x_wconf 92' lang='lat'>-</span> <span class='ocrx_word' id='word_1_45' title='bbox 1145 434 1234 469; x_wconf 84' lang='lat' dir='ltr'>Trop.</span> <span class='ocrx_word' id='word_1_46' title='bbox 1257 441 1309 460; x_wconf 81' lang='lat' dir='ltr'>ms.</span> <span class='ocrx_word' id='word_1_47' title='bbox 1329 431 1527 459; x_wconf 72' lang='lat' dir='ltr'>Martialeme</span> 
     </span>
     <span class='ocr_line' id='line_1_8' title="bbox 209 467 1525 508; baseline -0.007 -3"><span class='ocrx_word' id='word_1_48' title='bbox 209 487 284 506; x_wconf 84' lang='lat' dir='ltr'>saec.</span> <span class='ocrx_word' id='word_1_49' title='bbox 316 477 361 506; x_wconf 91' lang='lat'>11.</span> <span class='ocrx_word' id='word_1_50' title='bbox 388 480 428 505; x_wconf 86' lang='lat' dir='ltr'>in.</span> <span class='ocrx_word' id='word_1_51' title='bbox 468 479 539 506; x_wconf 88' lang='lat' dir='ltr'>Cod.</span> <span class='ocrx_word' id='word_1_52' title='bbox 566 478 693 504; x_wconf 70' lang='lat' dir='ltr'>Par-isin.</span> <span class='ocrx_word' id='word_1_53' title='bbox 724 473 806 502; x_wconf 83' lang='lat'>1121.</span> <span class='ocrx_word' id='word_1_54' title='bbox 834 474 865 501; x_wconf 88' lang='lat' dir='ltr'>C.</span> <span class='ocrx_word' id='word_1_55' title='bbox 893 488 929 493; x_wconf 92' lang='lat'>—</span> <span class='ocrx_word' id='word_1_56' title='bbox 956 474 1044 508; x_wconf 87' lang='lat' dir='ltr'>Trop.</span> <span class='ocrx_word' id='word_1_57' title='bbox 1075 481 1127 499; x_wconf 89' lang='lat' dir='ltr'>ms.</span> <span class='ocrx_word' id='word_1_58' title='bbox 1154 471 1345 499; x_wconf 80' lang='lat' dir='ltr'>Martialense</span> <span class='ocrx_word' id='word_1_59' title='bbox 1373 477 1450 497; x_wconf 82' lang='lat' dir='ltr'>saec.</span> <span class='ocrx_word' id='word_1_60' title='bbox 1480 467 1525 496; x_wconf 90' lang='grc'>11.</span> 
     </span>
     <span class='ocr_line' id='line_1_9' title="bbox 209 506 1524 548; baseline -0.007 -5"><span class='ocrx_word' id='word_1_61' title='bbox 209 517 280 543; x_wconf 91' lang='lat' dir='ltr'>Cod.</span> <span class='ocrx_word' id='word_1_62' title='bbox 308 516 433 544; x_wconf 77' lang='lat' dir='ltr'>Par-isin.</span> <span class='ocrx_word' id='word_1_63' title='bbox 461 514 525 544; x_wconf 84' lang='lat'>909.</span> <span class='ocrx_word' id='word_1_64' title='bbox 554 517 589 542; x_wconf 94' lang='lat' dir='ltr'>D.</span> <span class='ocrx_word' id='word_1_65' title='bbox 611 529 648 532; x_wconf 97' lang='lat'><strong>—</strong></span> <span class='ocrx_word' id='word_1_66' title='bbox 668 515 755 548; x_wconf 83' lang='lat' dir='ltr'>Trop.</span> <span class='ocrx_word' id='word_1_67' title='bbox 784 522 836 540; x_wconf 86' lang='lat' dir='ltr'>ms.</span> <span class='ocrx_word' id='word_1_68' title='bbox 863 513 892 540; x_wconf 85' lang='lat' dir='ltr'>S.</span> <span class='ocrx_word' id='word_1_69' title='bbox 914 512 1036 540; x_wconf 82' lang='lat' dir='ltr'>Martini</span> <span class='ocrx_word' id='word_1_70' title='bbox 1058 510 1280 538; x_wconf 70' lang='lat' dir='ltr'>Lemovicensifl</span> <span class='ocrx_word' id='word_1_71' title='bbox 1307 516 1384 536; x_wconf 76' lang='lat' dir='ltr'>saec.</span> <span class='ocrx_word' id='word_1_72' title='bbox 1412 506 1456 536; x_wconf 92' lang='grc'>11.</span> <span class='ocrx_word' id='word_1_73' title='bbox 1484 508 1524 534; x_wconf 85' lang='lat' dir='ltr'>in.</span> 
     </span>
     <span class='ocr_line' id='line_1_10' title="bbox 210 544 1525 587; baseline -0.008 -5"><span class='ocrx_word' id='word_1_74' title='bbox 210 555 280 582; x_wconf 69' lang='lat' dir='ltr'>(lod.</span> <span class='ocrx_word' id='word_1_75' title='bbox 309 555 433 582; x_wconf 85' lang='lat' dir='ltr'>Parisin.</span> <span class='ocrx_word' id='word_1_76' title='bbox 463 552 545 581; x_wconf 78' lang='lat'>1120.</span> <span class='ocrx_word' id='word_1_77' title='bbox 575 552 610 580; x_wconf 84' lang='lat' dir='ltr'>E.</span> <span class='ocrx_word' id='word_1_78' title='bbox 638 566 675 571; x_wconf 79' lang='lat'>——</span> <span class='ocrx_word' id='word_1_79' title='bbox 700 553 788 587; x_wconf 82' lang='lat' dir='ltr'>Trop.</span> <span class='ocrx_word' id='word_1_80' title='bbox 816 559 867 578; x_wconf 75' lang='lat' dir='ltr'>me.</span> <span class='ocrx_word' id='word_1_81' title='bbox 891 549 920 577; x_wconf 86' lang='lat' dir='ltr'>S.</span> <span class='ocrx_word' id='word_1_82' title='bbox 939 547 1346 583; x_wconf 70' lang='lat' dir='ltr'>Martini1?)1.emovieensis</span> <span class='ocrx_word' id='word_1_83' title='bbox 1375 555 1452 574; x_wconf 81' lang='lat' dir='ltr'>saec.</span> <span class='ocrx_word' id='word_1_84' title='bbox 1479 544 1525 573; x_wconf 88' lang='grc'>11.</span> 
     </span>
     <span class='ocr_line' id='line_1_11' title="bbox 211 583 1526 624; baseline -0.007 -4"><span class='ocrx_word' id='word_1_85' title='bbox 211 593 281 620; x_wconf 85' lang='lat' dir='ltr'>Cod.</span> <span class='ocrx_word' id='word_1_86' title='bbox 298 593 426 619; x_wconf 76' lang='lat' dir='ltr'>Parisin.</span> <span class='ocrx_word' id='word_1_87' title='bbox 448 590 511 619; x_wconf 78' lang='lat'>887.</span> <span class='ocrx_word' id='word_1_88' title='bbox 528 592 557 619; x_wconf 86' lang='lat' dir='ltr'>F.</span> <span class='ocrx_word' id='word_1_89' title='bbox 578 605 615 610; x_wconf 78' lang='lat'>—-</span> <span class='ocrx_word' id='word_1_90' title='bbox 636 591 723 624; x_wconf 85' lang='lat' dir='ltr'>Trop.</span> <span class='ocrx_word' id='word_1_91' title='bbox 746 598 797 616; x_wconf 86' lang='lat' dir='ltr'>ms.</span> <span class='ocrx_word' id='word_1_92' title='bbox 813 589 841 616; x_wconf 85' lang='lat' dir='ltr'>S.</span> <span class='ocrx_word' id='word_1_93' title='bbox 858 589 1016 624; x_wconf 85' lang='lat' dir='ltr'>Augustini</span> <span class='ocrx_word' id='word_1_94' title='bbox 1031 587 1253 615; x_wconf 78' lang='lat' dir='ltr'>Lemovicensis</span> <span class='ocrx_word' id='word_1_95' title='bbox 1274 594 1351 613; x_wconf 82' lang='lat' dir='ltr'>saec.</span> <span class='ocrx_word' id='word_1_96' title='bbox 1375 583 1418 613; x_wconf 91' lang='grc'>11.</span> <span class='ocrx_word' id='word_1_97' title='bbox 1453 584 1526 612; x_wconf 81' lang='lat' dir='ltr'>Cod.</span> 
     </span>
     <span class='ocr_line' id='line_1_12' title="bbox 209 623 1525 664; baseline -0.006 -7"><span class='ocrx_word' id='word_1_98' title='bbox 209 631 336 658; x_wconf 87' lang='lat' dir='ltr'>Parisin.</span> <span class='ocrx_word' id='word_1_99' title='bbox 370 628 450 657; x_wconf 84' lang='lat'>1119.</span> <span class='ocrx_word' id='word_1_100' title='bbox 473 630 506 657; x_wconf 91' lang='lat' dir='ltr'>G.</span> <span class='ocrx_word' id='word_1_101' title='bbox 528 643 565 648; x_wconf 88' lang='lat'>-</span> <span class='ocrx_word' id='word_1_102' title='bbox 585 630 672 664; x_wconf 85' lang='lat' dir='ltr'>Trop.</span> <span class='ocrx_word' id='word_1_103' title='bbox 699 636 751 654; x_wconf 80' lang='lat' dir='ltr'>ins..</span> <span class='ocrx_word' id='word_1_104' title='bbox 772 628 984 655; x_wconf 78' lang='lat' dir='ltr'>Moissiacense</span> <span class='ocrx_word' id='word_1_105' title='bbox 1006 634 1083 653; x_wconf 83' lang='lat' dir='ltr'>saec.</span> <span class='ocrx_word' id='word_1_106' title='bbox 1107 624 1149 652; x_wconf 91' lang='lat'>11.</span> <span class='ocrx_word' id='word_1_107' title='bbox 1190 623 1259 652; x_wconf 88' lang='lat' dir='ltr'>Cod.</span> <span class='ocrx_word' id='word_1_108' title='bbox 1280 623 1408 651; x_wconf 80' lang='lat' dir='ltr'>Parisin.</span> <span class='ocrx_word' id='word_1_109' title='bbox 1429 623 1525 650; x_wconf 72' lang='lat' dir='ltr'>NouV.</span> 
     </span>
     <span class='ocr_line' id='line_1_13' title="bbox 210 660 1530 704; baseline -0.005 -9"><span class='ocrx_word' id='word_1_110' title='bbox 210 677 272 704; x_wconf 87' lang='lat' dir='ltr'>aeq.</span> <span class='ocrx_word' id='word_1_111' title='bbox 297 667 377 696; x_wconf 69' lang='lat'>1871.</span> <span class='ocrx_word' id='word_1_112' title='bbox 401 669 438 694; x_wconf 81' lang='lat' dir='ltr'>H.</span> <span class='ocrx_word' id='word_1_113' title='bbox 460 683 496 688; x_wconf 85' lang='lat'><em>-</em></span> <span class='ocrx_word' id='word_1_114' title='bbox 519 667 531 694; x_wconf 91' lang='lat'>1</span> <span class='ocrx_word' id='word_1_115' title='bbox 554 668 668 702; x_wconf 77' lang='lat' dir='ltr'>peregit</span> <span class='ocrx_word' id='word_1_116' title='bbox 681 666 712 692; x_wconf 80' lang='lat' dir='ltr'>F.</span> <span class='ocrx_word' id='word_1_117' title='bbox 735 682 770 684; x_wconf 97' lang='lat'><strong>—</strong></span> <span class='ocrx_word' id='word_1_118' title='bbox 791 664 809 692; x_wconf 85' lang='lat'><strong>2</strong></span> <span class='ocrx_word' id='word_1_119' title='bbox 823 665 925 692; x_wconf 82' lang='lat' dir='ltr'>Victor</span> <span class='ocrx_word' id='word_1_120' title='bbox 945 673 1003 701; x_wconf 90' lang='lat' dir='ltr'>quo</span> <span class='ocrx_word' id='word_1_121' title='bbox 1019 665 1058 698; x_wconf 83' lang='lat' dir='ltr'>A3</span> <span class='ocrx_word' id='word_1_122' title='bbox 1080 663 1244 696; x_wconf 78' lang='lat' dir='ltr'>zabuloque</span> <span class='ocrx_word' id='word_1_123' title='bbox 1263 662 1472 699; x_wconf 77' lang='lat' dir='ltr'>(zabulumque</span> <span class='ocrx_word' id='word_1_124' title='bbox 1485 660 1530 696; x_wconf 83' lang='lat' dir='ltr'>H)</span> 
     </span>
     <span class='ocr_line' id='line_1_14' title="bbox 209 701 1172 741; baseline -0.004 -9"><span class='ocrx_word' id='word_1_125' title='bbox 209 708 306 734; x_wconf 79' lang='lat' dir='ltr'>valere</span> <span class='ocrx_word' id='word_1_126' title='bbox 328 707 429 734; x_wconf 82' lang='grc' dir='ltr'>Α-Η,</span> <span class='ocrx_word' id='word_1_127' title='bbox 450 721 486 724; x_wconf 91' lang='grc'><strong>-</strong></span> <span class='ocrx_word' id='word_1_128' title='bbox 507 705 525 733; x_wconf 82' lang='grc'><em>3</em></span> <span class='ocrx_word' id='word_1_129' title='bbox 547 704 699 741; x_wconf 78' lang='lat' dir='ltr'>perdocuit</span> <span class='ocrx_word' id='word_1_130' title='bbox 720 704 750 731; x_wconf 83' lang='lat' dir='ltr'>F.</span> <span class='ocrx_word' id='word_1_131' title='bbox 772 717 808 723; x_wconf 89' lang='lat'>-</span> <span class='ocrx_word' id='word_1_132' title='bbox 828 702 847 730; x_wconf 85' lang='lat'>4</span> <span class='ocrx_word' id='word_1_133' title='bbox 868 703 970 730; x_wconf 77' lang='lat' dir='ltr'>laudat</span> <span class='ocrx_word' id='word_1_134' title='bbox 991 702 1115 730; x_wconf 82' lang='lat' dir='ltr'>amando</span> <span class='ocrx_word' id='word_1_135' title='bbox 1137 701 1172 728; x_wconf 88' lang='lat' dir='ltr'>E.</span> 
     </span>
    </p>
   </div>
   <div class='ocr_carea' id='block_1_4' title="bbox 574 815 1150 846">
    <p class='ocr_par' dir='ltr' id='par_1_5' title="bbox 574 815 1150 846">
     <span class='ocr_line' id='line_1_15' title="bbox 574 815 1150 846; baseline 0 -2"><span class='ocrx_word' id='word_1_136' title='bbox 574 817 622 846; x_wconf 70' lang='lat'>95.</span> <span class='ocrx_word' id='word_1_137' title='bbox 655 818 693 846; x_wconf 90' lang='lat' dir='ltr'>In</span> <span class='ocrx_word' id='word_1_138' title='bbox 715 815 980 846; x_wconf 68' lang='lat' dir='ltr'>Rem-rectione</span> <span class='ocrx_word' id='word_1_139' title='bbox 1002 815 1150 845; x_wconf 86' lang='lat' dir='ltr'><strong>Domini.</strong></span> 
     </span>
    </p>
   </div>
   <div class='ocr_carea' id='block_1_5' title="bbox 587 891 1148 1026">
    <p class='ocr_par' dir='ltr' id='par_1_6' title="bbox 587 891 1148 1026">
     <span class='ocr_line' id='line_1_16' title="bbox 587 891 1014 925; baseline -0.007 0"><span class='ocrx_word' id='word_1_140' title='bbox 587 894 618 925; x_wconf 86' lang='lat'>1.</span> <span class='ocrx_word' id='word_1_141' title='bbox 646 891 834 924; x_wconf 79' lang='lat' dir='ltr'>Resurrexit</span> <span class='ocrx_word' id='word_1_142' title='bbox 859 891 1014 923; x_wconf 81' lang='lat' dir='ltr'>Dominus</span> 
     </span>
     <span class='ocr_line' id='line_1_17' title="bbox 648 938 1038 976; baseline -0.003 -6"><span class='ocrx_word' id='word_1_143' title='bbox 648 940 756 971; x_wconf 82' lang='lat' dir='ltr'>Victor</span> <span class='ocrx_word' id='word_1_144' title='bbox 782 940 845 970; x_wconf 85' lang='lat' dir='ltr'>luci</span> <span class='ocrx_word' id='word_1_145' title='bbox 871 938 1038 976; x_wconf 73' lang='lat' dir='ltr'>redditus3</span> 
     </span>
     <span class='ocr_line' id='line_1_18' title="bbox 644 985 1148 1026; baseline -0.002 -8"><span class='ocrx_word' id='word_1_146' title='bbox 644 987 716 1018; x_wconf 86' lang='lat' dir='ltr'>Non</span> <span class='ocrx_word' id='word_1_147' title='bbox 742 987 889 1026; x_wconf 86' lang='lat' dir='ltr'>pepercit</span> <span class='ocrx_word' id='word_1_148' title='bbox 915 990 1059 1026; x_wconf 73' lang='lat' dir='ltr'>mortem,</span> <span class='ocrx_word' id='word_1_149' title='bbox 1086 985 1148 1017; x_wconf 85' lang='lat' dir='ltr'>iam</span> 
     </span>
    </p>
   </div>
   <div class='ocr_carea' id='block_1_6' title="bbox 647 1033 1038 1108">
    <p class='ocr_par' dir='ltr' id='par_1_7' title="bbox 647 1033 1038 1108">
     <span class='ocr_line' id='line_1_19' title="bbox 647 1033 1038 1074; baseline -0.008 -7"><span class='ocrx_word' id='word_1_150' title='bbox 647 1035 733 1068; x_wconf 83' lang='lat' dir='ltr'>Patri</span> <span class='ocrx_word' id='word_1_151' title='bbox 761 1033 861 1066; x_wconf 79' lang='lat' dir='ltr'><strong>refert</strong></span> <span class='ocrx_word' id='word_1_152' title='bbox 886 1035 1019 1074; x_wconf 83' lang='lat' dir='ltr'>gratiam</span> <span class='ocrx_word' id='word_1_153' title='bbox 1033 1045 1038 1064; x_wconf 91' lang='lat'>:</span> 
     </span>
     <span class='ocr_line' id='line_1_20' title="bbox 721 1079 896 1108; baseline -0.011 0"><span class='ocrx_word' id='word_1_154' title='bbox 721 1079 896 1108; x_wconf 73' lang='lat' dir='ltr'>Resurreaei.</span> 
     </span>
    </p>
   </div>
   <div class='ocr_carea' id='block_1_7' title="bbox 219 1142 237 1172">
    <p class='ocr_par' dir='ltr' id='par_1_8' title="bbox 219 1142 237 1172">
     <span class='ocr_line' id='line_1_21' title="bbox 219 1142 237 1172; textangle 90"><span class='ocrx_word' id='word_1_155' title='bbox 219 1142 237 1172; x_wconf 75' lang='lat'>10</span> 
     </span>
    </p>
   </div>
   <div class='ocr_carea' id='block_1_8' title="bbox 243 1138 1476 1177">
    <p class='ocr_par' dir='ltr' id='par_1_9' title="bbox 243 1138 1476 1177">
     <span class='ocr_line' id='line_1_22' title="bbox 243 1138 1476 1177; baseline -0.003 -5"><span class='ocrx_word' id='word_1_156' title='bbox 243 1166 249 1172; x_wconf 93' lang='lat'>.</span> <span class='ocrx_word' id='word_1_157' title='bbox 277 1140 380 1172; x_wconf 71' lang='lat' dir='ltr'>Natus</span> <span class='ocrx_word' id='word_1_158' title='bbox 406 1140 499 1172; x_wconf 91' lang='lat' dir='ltr'>homo</span> <span class='ocrx_word' id='word_1_159' title='bbox 525 1141 688 1172; x_wconf 84' lang='lat' dir='ltr'>Iudaicam</span> <span class='ocrx_word' id='word_1_160' title='bbox 908 1141 940 1172; x_wconf 85' lang='lat'>4.</span> <span class='ocrx_word' id='word_1_161' title='bbox 969 1140 1092 1177; x_wconf 85' lang='lat' dir='ltr'>Corpus</span> <span class='ocrx_word' id='word_1_162' title='bbox 1119 1138 1271 1177; x_wconf 82' lang='lat' dir='ltr'>relinquit</span> <span class='ocrx_word' id='word_1_163' title='bbox 1294 1138 1476 1176; x_wconf 85' lang='lat' dir='ltr'>sepulcrum</span> 
     </span>
    </p>
   </div>
   <div class='ocr_carea' id='block_1_9' title="bbox 220 1183 1527 1621">
    <p class='ocr_par' dir='ltr' id='par_1_10' title="bbox 220 1183 1527 1621">
     <span class='ocr_line' id='line_1_23' title="bbox 279 1183 1527 1227; baseline -0.002 -9"><span class='ocrx_word' id='word_1_164' title='bbox 279 1187 388 1220; x_wconf 76' lang='lat' dir='ltr'>Exivit</span> <span class='ocrx_word' id='word_1_165' title='bbox 414 1189 617 1227; x_wconf 65' lang='lat' dir='ltr'>prosapiam,</span> <span class='ocrx_word' id='word_1_166' title='bbox 965 1186 1104 1218; x_wconf 81' lang='lat' dir='ltr'>Miratur</span> <span class='ocrx_word' id='word_1_167' title='bbox 1138 1193 1270 1226; x_wconf 78' lang='lat' dir='ltr'>praeses</span> <span class='ocrx_word' id='word_1_168' title='bbox 1295 1185 1356 1216; x_wconf 87' lang='lat' dir='ltr'>hoc</span> <span class='ocrx_word' id='word_1_169' title='bbox 1381 1183 1527 1227; x_wconf 76' lang='lat' dir='ltr'>factum;</span> 
     </span>
     <span class='ocr_line' id='line_1_24' title="bbox 277 1233 1410 1273; baseline -0.004 -6"><span class='ocrx_word' id='word_1_170' title='bbox 277 1235 385 1267; x_wconf 84' lang='lat' dir='ltr'>Morte</span> <span class='ocrx_word' id='word_1_171' title='bbox 411 1235 527 1267; x_wconf 82' lang='lat' dir='ltr'>feritur</span> <span class='ocrx_word' id='word_1_172' title='bbox 553 1235 702 1271; x_wconf 74' lang='lat' dir='ltr'>dilectus,</span> <span class='ocrx_word' id='word_1_173' title='bbox 965 1234 1121 1266; x_wconf 82' lang='lat' dir='ltr'>Custodes</span> <span class='ocrx_word' id='word_1_174' title='bbox 1147 1234 1215 1264; x_wconf 85' lang='lat' dir='ltr'>eius</span> <span class='ocrx_word' id='word_1_175' title='bbox 1241 1233 1410 1273; x_wconf 62' lang='lat' dir='ltr'>exterriti,</span> 
     </span>
     <span class='ocr_line' id='line_1_25' title="bbox 277 1280 1414 1314; baseline -0.001 -1"><span class='ocrx_word' id='word_1_176' title='bbox 277 1283 406 1314; x_wconf 85' lang='lat' dir='ltr'>Patrem</span> <span class='ocrx_word' id='word_1_177' title='bbox 434 1283 595 1314; x_wconf 83' lang='lat' dir='ltr'>collaudat</span> <span class='ocrx_word' id='word_1_178' title='bbox 621 1286 802 1313; x_wconf 72' lang='lat' dir='ltr'>surrectus:</span> <span class='ocrx_word' id='word_1_179' title='bbox 965 1280 1111 1312; x_wconf 79' lang='lat' dir='ltr'>Surrexit</span> <span class='ocrx_word' id='word_1_180' title='bbox 1136 1289 1230 1312; x_wconf 88' lang='lat' dir='ltr'>causa</span> <span class='ocrx_word' id='word_1_181' title='bbox 1256 1280 1414 1312; x_wconf 88' lang='lat' dir='ltr'>mirabili:</span> 
     </span>
     <span class='ocr_line' id='line_1_26' title="bbox 319 1325 1526 1361; baseline -0.002 -5"><span class='ocrx_word' id='word_1_182' title='bbox 319 1327 362 1356; x_wconf 78' lang='lat' dir='ltr'>Et</span> <span class='ocrx_word' id='word_1_183' title='bbox 383 1327 485 1356; x_wconf 75' lang='lat' dir='ltr'>adhuc</span> <span class='ocrx_word' id='word_1_184' title='bbox 506 1330 596 1356; x_wconf 78' lang='lat' dir='ltr'>tecum</span> <span class='ocrx_word' id='word_1_185' title='bbox 620 1336 694 1355; x_wconf 77' lang='lat' dir='ltr'>sum.</span> <span class='ocrx_word' id='word_1_186' title='bbox 1006 1325 1162 1354; x_wconf 67' lang='lat' dir='ltr'>ssIiraln&#39;lis</span> <span class='ocrx_word' id='word_1_187' title='bbox 1173 1326 1258 1361; x_wconf 73' lang='lat' dir='ltr'>faeta</span> <span class='ocrx_word' id='word_1_188' title='bbox 1269 1329 1314 1354; x_wconf 80' lang='lat' dir='ltr'>est</span> <span class='ocrx_word' id='word_1_189' title='bbox 1324 1325 1526 1355; x_wconf 70' lang='lat' dir='ltr'>scz&#39;entiatua.</span> 
     </span>
     <span class='ocr_line' id='line_1_27' title="bbox 220 1395 1363 1436; baseline -0.003 -7"><span class='ocrx_word' id='word_1_190' title='bbox 220 1398 251 1429; x_wconf 86' lang='lat'>3.</span> <span class='ocrx_word' id='word_1_191' title='bbox 279 1397 432 1428; x_wconf 81' lang='lat' dir='ltr'>Tremens</span> <span class='ocrx_word' id='word_1_192' title='bbox 458 1400 554 1435; x_wconf 85' lang='lat' dir='ltr'>terra,</span> <span class='ocrx_word' id='word_1_193' title='bbox 582 1397 766 1428; x_wconf 86' lang='lat' dir='ltr'>christicola</span> <span class='ocrx_word' id='word_1_194' title='bbox 908 1398 940 1429; x_wconf 88' lang='grc'>5.</span> <span class='ocrx_word' id='word_1_195' title='bbox 967 1395 1052 1427; x_wconf 89' lang='lat' dir='ltr'>Cleri</span> <span class='ocrx_word' id='word_1_196' title='bbox 1078 1395 1214 1428; x_wconf 85' lang='lat' dir='ltr'>resultat</span> <span class='ocrx_word' id='word_1_197' title='bbox 1240 1396 1363 1436; x_wconf 86' lang='lat' dir='ltr'>chorus,</span> 
     </span>
     <span class='ocr_line' id='line_1_28' title="bbox 278 1443 1390 1484; baseline -0.002 -8"><span class='ocrx_word' id='word_1_198' title='bbox 278 1445 347 1476; x_wconf 87' lang='lat' dir='ltr'>Hoc</span> <span class='ocrx_word' id='word_1_199' title='bbox 374 1449 447 1476; x_wconf 87' lang='lat' dir='ltr'>sunt</span> <span class='ocrx_word' id='word_1_200' title='bbox 472 1449 621 1484; x_wconf 85' lang='lat' dir='ltr'>surgente</span> <span class='ocrx_word' id='word_1_201' title='bbox 647 1445 792 1483; x_wconf 64' lang='lat' dir='ltr'>ovantia,</span> <span class='ocrx_word' id='word_1_202' title='bbox 966 1443 1074 1476; x_wconf 86' lang='lat' dir='ltr'>Omnis</span> <span class='ocrx_word' id='word_1_203' title='bbox 1104 1444 1225 1484; x_wconf 85' lang='lat' dir='ltr'>vulgus,</span> <span class='ocrx_word' id='word_1_204' title='bbox 1253 1443 1390 1484; x_wconf 85' lang='lat' dir='ltr'>populus</span> 
     </span>
     <span class='ocr_line' id='line_1_29' title="bbox 279 1491 1444 1532; baseline -0.001 -9"><span class='ocrx_word' id='word_1_205' title='bbox 279 1493 368 1532; x_wconf 84' lang='lat' dir='ltr'>Quod</span> <span class='ocrx_word' id='word_1_206' title='bbox 395 1496 503 1524; x_wconf 88' lang='lat' dir='ltr'>natum</span> <span class='ocrx_word' id='word_1_207' title='bbox 531 1496 599 1523; x_wconf 81' lang='lat' dir='ltr'>erat</span> <span class='ocrx_word' id='word_1_208' title='bbox 625 1500 663 1523; x_wconf 85' lang='lat' dir='ltr'>ex</span> <span class='ocrx_word' id='word_1_209' title='bbox 690 1495 802 1529; x_wconf 74' lang='lat' dir='ltr'>matre,</span> <span class='ocrx_word' id='word_1_210' title='bbox 966 1491 1112 1524; x_wconf 84' lang='lat' dir='ltr'>Clamant</span> <span class='ocrx_word' id='word_1_211' title='bbox 1137 1494 1231 1531; x_wconf 88' lang='lat' dir='ltr'>atque</span> <span class='ocrx_word' id='word_1_212' title='bbox 1258 1491 1444 1523; x_wconf 83' lang='lat' dir='ltr'>collaudant</span> 
     </span>
     <span class='ocr_line' id='line_1_30' title="bbox 277 1538 1387 1578; baseline 0 -8"><span class='ocrx_word' id='word_1_213' title='bbox 277 1540 392 1572; x_wconf 81' lang='lat' dir='ltr'>Vivum</span> <span class='ocrx_word' id='word_1_214' title='bbox 420 1540 558 1572; x_wconf 75' lang='lat' dir='ltr'>surrexit</span> <span class='ocrx_word' id='word_1_215' title='bbox 585 1549 604 1571; x_wconf 89' lang='lat' dir='ltr'>a</span> <span class='ocrx_word' id='word_1_216' title='bbox 629 1544 739 1578; x_wconf 72' lang='lat' dir='ltr'>pane,</span> <span class='ocrx_word' id='word_1_217' title='bbox 966 1538 1100 1571; x_wconf 80' lang='lat' dir='ltr'>Aeterni</span> <span class='ocrx_word' id='word_1_218' title='bbox 1125 1540 1209 1578; x_wconf 80' lang='lat' dir='ltr'>regis</span> <span class='ocrx_word' id='word_1_219' title='bbox 1236 1539 1387 1578; x_wconf 84' lang='lat' dir='ltr'>gloriam:</span> 
     </span>
     <span class='ocr_line' id='line_1_31' title="bbox 320 1583 1314 1621; baseline -0.002 -8"><span class='ocrx_word' id='word_1_220' title='bbox 320 1584 834 1621; x_wconf 58' lang='lat' dir='ltr'>Pas-uistisupermemammztuam.</span> <span class='ocrx_word' id='word_1_221' title='bbox 1008 1583 1150 1617; x_wconf 74' lang='lat' dir='ltr'>Alleluia,</span> <span class='ocrx_word' id='word_1_222' title='bbox 1171 1583 1314 1613; x_wconf 73' lang='lat' dir='ltr'>Alleluia.</span> 
     </span>
    </p>
   </div>
   <div class='ocr_carea' id='block_1_10' title="bbox 203 1650 1526 1881">
    <p class='ocr_par' dir='ltr' id='par_1_11' title="bbox 203 1650 1526 1881">
     <span class='ocr_line' id='line_1_32' title="bbox 282 1650 1522 1689; baseline -0.001 -9"><span class='ocrx_word' id='word_1_223' title='bbox 282 1654 371 1689; x_wconf 67' lang='lat' dir='ltr'>Trop.</span> <span class='ocrx_word' id='word_1_224' title='bbox 392 1663 444 1680; x_wconf 59' lang='grc' dir='ltr'><strong>ως.</strong></span> <span class='ocrx_word' id='word_1_225' title='bbox 460 1653 651 1680; x_wconf 77' lang='lat' dir='ltr'>Martialense</span> <span class='ocrx_word' id='word_1_226' title='bbox 672 1662 747 1680; x_wconf 74' lang='lat' dir='ltr'>saec.</span> <span class='ocrx_word' id='word_1_227' title='bbox 771 1652 815 1681; x_wconf 83' lang='lat'>10.</span> <span class='ocrx_word' id='word_1_228' title='bbox 848 1654 919 1681; x_wconf 80' lang='lat' dir='ltr'>Cod.</span> <span class='ocrx_word' id='word_1_229' title='bbox 933 1653 1060 1680; x_wconf 82' lang='lat' dir='ltr'>Parisin.</span> <span class='ocrx_word' id='word_1_230' title='bbox 1084 1650 1166 1680; x_wconf 78' lang='lat'>1084.</span> <span class='ocrx_word' id='word_1_231' title='bbox 1186 1668 1223 1673; x_wconf 75' lang='lat'>—·</span> <span class='ocrx_word' id='word_1_232' title='bbox 1246 1652 1271 1684; x_wconf 86' lang='lat'>1,</span> <span class='ocrx_word' id='word_1_233' title='bbox 1293 1651 1311 1680; x_wconf 85' lang='lat'><strong>2</strong></span> <span class='ocrx_word' id='word_1_234' title='bbox 1326 1653 1400 1680; x_wconf 80' lang='lat' dir='ltr'>lucis</span> <span class='ocrx_word' id='word_1_235' title='bbox 1415 1653 1522 1681; x_wconf 77' lang='lat' dir='ltr'>aditus.</span> 
     </span>
     <span class='ocr_line' id='line_1_33' title="bbox 207 1689 1522 1725; baseline -0.001 -6"><span class='ocrx_word' id='word_1_236' title='bbox 207 1692 237 1725; x_wconf 70' lang='lat'>1,</span> <span class='ocrx_word' id='word_1_237' title='bbox 266 1691 283 1719; x_wconf 74' lang='lat'><strong>3</strong></span> <span class='ocrx_word' id='word_1_238' title='bbox 311 1694 368 1719; x_wconf 85' lang='lat' dir='ltr'>iam</span> <span class='ocrx_word' id='word_1_239' title='bbox 390 1692 470 1719; x_wconf 74' lang='lat' dir='ltr'>fehlt.</span> <span class='ocrx_word' id='word_1_240' title='bbox 493 1706 525 1710; x_wconf 89' lang='lat'>—-</span> <span class='ocrx_word' id='word_1_241' title='bbox 552 1691 582 1723; x_wconf 90' lang='lat'>1,</span> <span class='ocrx_word' id='word_1_242' title='bbox 608 1691 626 1719; x_wconf 90' lang='lat'>4</span> <span class='ocrx_word' id='word_1_243' title='bbox 646 1692 754 1718; x_wconf 83' lang='lat' dir='ltr'>Patris.</span> <span class='ocrx_word' id='word_1_244' title='bbox 774 1705 812 1710; x_wconf 79' lang='lat'>—</span> <span class='ocrx_word' id='word_1_245' title='bbox 833 1690 866 1724; x_wconf 81' lang='lat'>2,</span> <span class='ocrx_word' id='word_1_246' title='bbox 894 1690 911 1718; x_wconf 78' lang='lat'>¹2</span> <span class='ocrx_word' id='word_1_247' title='bbox 931 1692 1033 1719; x_wconf 79' lang='lat' dir='ltr'>Scivit.</span> <span class='ocrx_word' id='word_1_248' title='bbox 1055 1706 1093 1710; x_wconf 92' lang='lat'>—</span> <span class='ocrx_word' id='word_1_249' title='bbox 1113 1689 1145 1723; x_wconf 81' lang='lat'>2,</span> <span class='ocrx_word' id='word_1_250' title='bbox 1173 1690 1191 1717; x_wconf 76' lang='lat'>3</span> <span class='ocrx_word' id='word_1_251' title='bbox 1211 1691 1336 1718; x_wconf 88' lang='lat' dir='ltr'>Mortem</span> <span class='ocrx_word' id='word_1_252' title='bbox 1360 1692 1460 1718; x_wconf 83' lang='lat' dir='ltr'>fertur.</span> <span class='ocrx_word' id='word_1_253' title='bbox 1485 1706 1522 1712; x_wconf 88' lang='lat'>-—</span> 
     </span>
     <span class='ocr_line' id='line_1_34' title="bbox 207 1728 1524 1766; baseline -0.002 -8"><span class='ocrx_word' id='word_1_254' title='bbox 207 1730 233 1761; x_wconf 71' lang='lat'>3,</span> <span class='ocrx_word' id='word_1_255' title='bbox 256 1729 273 1757; x_wconf 86' lang='lat'>2</span> <span class='ocrx_word' id='word_1_256' title='bbox 293 1731 350 1757; x_wconf 91' lang='lat' dir='ltr'>Pro</span> <span class='ocrx_word' id='word_1_257' title='bbox 373 1739 426 1757; x_wconf 75' lang='lat' dir='ltr'>sua</span> <span class='ocrx_word' id='word_1_258' title='bbox 451 1738 581 1766; x_wconf 80' lang='lat' dir='ltr'>surgens.</span> <span class='ocrx_word' id='word_1_259' title='bbox 604 1745 641 1748; x_wconf 85' lang='lat'>—-</span> <span class='ocrx_word' id='word_1_260' title='bbox 661 1728 688 1763; x_wconf 72' lang='lat'>3,</span> <span class='ocrx_word' id='word_1_261' title='bbox 709 1729 727 1756; x_wconf 88' lang='lat'>4</span> <span class='ocrx_word' id='word_1_262' title='bbox 748 1730 829 1757; x_wconf 77' lang='lat' dir='ltr'>Pius.</span> <span class='ocrx_word' id='word_1_263' title='bbox 851 1744 888 1749; x_wconf 89' lang='lat'>—</span> <span class='ocrx_word' id='word_1_264' title='bbox 908 1730 934 1761; x_wconf 88' lang='lat'>4,</span> <span class='ocrx_word' id='word_1_265' title='bbox 959 1729 972 1756; x_wconf 90' lang='lat'>1</span> <span class='ocrx_word' id='word_1_266' title='bbox 989 1730 1102 1764; x_wconf 80' lang='lat' dir='ltr'>Corpus</span> <span class='ocrx_word' id='word_1_267' title='bbox 1125 1729 1213 1756; x_wconf 85' lang='lat' dir='ltr'>labet.</span> <span class='ocrx_word' id='word_1_268' title='bbox 1234 1744 1270 1748; x_wconf 93' lang='lat'>——</span> <span class='ocrx_word' id='word_1_269' title='bbox 1291 1729 1319 1762; x_wconf 86' lang='lat'>4,</span> <span class='ocrx_word' id='word_1_270' title='bbox 1341 1728 1358 1756; x_wconf 82' lang='lat'>2</span> <span class='ocrx_word' id='word_1_271' title='bbox 1378 1731 1464 1757; x_wconf 80' lang='lat' dir='ltr'>facto.</span> <span class='ocrx_word' id='word_1_272' title='bbox 1487 1744 1524 1749; x_wconf 92' lang='lat'>—-</span> 
     </span>
     <span class='ocr_line' id='line_1_35' title="bbox 206 1766 1526 1806; baseline 0.001 -11"><span class='ocrx_word' id='word_1_273' title='bbox 206 1768 232 1800; x_wconf 67' lang='grc'>5,</span> <span class='ocrx_word' id='word_1_274' title='bbox 264 1769 275 1795; x_wconf 86' lang='grc'>1</span> <span class='ocrx_word' id='word_1_275' title='bbox 300 1769 359 1795; x_wconf 86' lang='lat' dir='ltr'>und</span> <span class='ocrx_word' id='word_1_276' title='bbox 380 1768 406 1796; x_wconf 70' lang='grc'>5,</span> <span class='ocrx_word' id='word_1_277' title='bbox 435 1768 453 1795; x_wconf 74' lang='lat'><strong>3</strong></span> <span class='ocrx_word' id='word_1_278' title='bbox 473 1769 651 1804; x_wconf 72' lang='lat' dir='ltr'>umgestellt.</span> <span class='ocrx_word' id='word_1_279' title='bbox 675 1782 704 1786; x_wconf 66' lang='grc'><strong>-</strong></span> <span class='ocrx_word' id='word_1_280' title='bbox 729 1767 755 1798; x_wconf 81' lang='grc'>5,</span> <span class='ocrx_word' id='word_1_281' title='bbox 780 1768 791 1795; x_wconf 94' lang='grc'>1</span> <span class='ocrx_word' id='word_1_282' title='bbox 815 1769 928 1806; x_wconf 30' lang='grc' dir='ltr'><strong>Οἱετιιξ...</strong></span> <span class='ocrx_word' id='word_1_283' title='bbox 950 1783 986 1787; x_wconf 92' lang='lat'>—-</span> <span class='ocrx_word' id='word_1_284' title='bbox 1008 1767 1035 1799; x_wconf 84' lang='lat'>5,</span> <span class='ocrx_word' id='word_1_285' title='bbox 1055 1766 1073 1795; x_wconf 81' lang='grc'>3</span> <span class='ocrx_word' id='word_1_286' title='bbox 1094 1768 1232 1795; x_wconf 80' lang='lat' dir='ltr'>Clamant</span> <span class='ocrx_word' id='word_1_287' title='bbox 1251 1772 1290 1796; x_wconf 81' lang='lat' dir='ltr'>et.</span> <span class='ocrx_word' id='word_1_288' title='bbox 1309 1782 1346 1787; x_wconf 92' lang='lat'>—-</span> <span class='ocrx_word' id='word_1_289' title='bbox 1370 1770 1428 1795; x_wconf 83' lang='lat' dir='ltr'>Der</span> <span class='ocrx_word' id='word_1_290' title='bbox 1448 1768 1526 1796; x_wconf 78' lang='lat' dir='ltr'>Text</span> 
     </span>
     <span class='ocr_line' id='line_1_36' title="bbox 203 1806 1524 1843; baseline 0 -9"><span class='ocrx_word' id='word_1_291' title='bbox 203 1808 254 1834; x_wconf 85' lang='lat' dir='ltr'>der</span> <span class='ocrx_word' id='word_1_292' title='bbox 281 1807 334 1833; x_wconf 83' lang='lat' dir='ltr'>Hs.</span> <span class='ocrx_word' id='word_1_293' title='bbox 367 1808 408 1833; x_wconf 81' lang='lat' dir='ltr'>oft</span> <span class='ocrx_word' id='word_1_294' title='bbox 439 1815 513 1843; x_wconf 76' lang='lat' dir='ltr'>ganz</span> <span class='ocrx_word' id='word_1_295' title='bbox 545 1806 799 1840; x_wconf 62' lang='lat' dir='ltr'>unve1standlich,</span> <span class='ocrx_word' id='word_1_296' title='bbox 831 1807 877 1834; x_wconf 86' lang='lat' dir='ltr'>die</span> <span class='ocrx_word' id='word_1_297' title='bbox 904 1807 1101 1842; x_wconf 82' lang='lat' dir='ltr'>Anderungen</span> <span class='ocrx_word' id='word_1_298' title='bbox 1132 1807 1197 1834; x_wconf 88' lang='lat' dir='ltr'>sind</span> <span class='ocrx_word' id='word_1_299' title='bbox 1225 1807 1426 1835; x_wconf 81' lang='lat' dir='ltr'>selbstredend</span> <span class='ocrx_word' id='word_1_300' title='bbox 1454 1807 1524 1834; x_wconf 87' lang='lat' dir='ltr'>sehr</span> 
     </span>
     <span class='ocr_line' id='line_1_37' title="bbox 203 1845 483 1881; baseline -0.007 -8"><span class='ocrx_word' id='word_1_301' title='bbox 203 1845 359 1881; x_wconf 79' lang='lat' dir='ltr'>fraglicher</span> <span class='ocrx_word' id='word_1_302' title='bbox 380 1845 483 1873; x_wconf 76' lang='lat' dir='ltr'>Natur.</span> 
     </span>
    </p>
   </div>
   <div class='ocr_carea' id='block_1_11' title="bbox 575 1920 1148 1950">
    <p class='ocr_par' dir='ltr' id='par_1_12' title="bbox 575 1920 1148 1950">
     <span class='ocr_line' id='line_1_38' title="bbox 575 1920 1148 1950; baseline 0.003 -2"><span class='ocrx_word' id='word_1_303' title='bbox 575 1920 624 1950; x_wconf 71' lang='lat'>36.</span> <span class='ocrx_word' id='word_1_304' title='bbox 656 1920 693 1949; x_wconf 92' lang='lat' dir='ltr'>In</span> <span class='ocrx_word' id='word_1_305' title='bbox 715 1920 978 1950; x_wconf 86' lang='lat' dir='ltr'>Resurrectione</span> <span class='ocrx_word' id='word_1_306' title='bbox 999 1920 1148 1950; x_wconf 83' lang='lat' dir='ltr'>Domini.</span> 
     </span>
    </p>
   </div>
   <div class='ocr_carea' id='block_1_12' title="bbox 389 1994 1368 2296">
    <p class='ocr_par' dir='ltr' id='par_1_13' title="bbox 389 1994 1368 2296">
     <span class='ocr_line' id='line_1_39' title="bbox 390 1994 1209 2035; baseline -0.001 -8"><span class='ocrx_word' id='word_1_307' title='bbox 390 1997 421 2028; x_wconf 91' lang='lat'>1.</span> <span class='ocrx_word' id='word_1_308' title='bbox 451 1994 582 2035; x_wconf 82' lang='lat' dir='ltr'>Virgine</span> <span class='ocrx_word' id='word_1_309' title='bbox 608 1995 793 2034; x_wconf 85' lang='lat' dir='ltr'>progenitus</span> <span class='ocrx_word' id='word_1_310' title='bbox 820 1994 917 2033; x_wconf 88' lang='lat' dir='ltr'>crevi,</span> <span class='ocrx_word' id='word_1_311' title='bbox 944 1995 1120 2026; x_wconf 85' lang='lat' dir='ltr'>tentamina</span> <span class='ocrx_word' id='word_1_312' title='bbox 1146 1995 1209 2026; x_wconf 83' lang='lat' dir='ltr'>vici</span> 
     </span>
     <span class='ocr_line' id='line_1_40' title="bbox 446 2042 1256 2085; baseline 0 -11"><span class='ocrx_word' id='word_1_313' title='bbox 446 2042 645 2082; x_wconf 83' lang='lat' dir='ltr'>Adfixusque</span> <span class='ocrx_word' id='word_1_314' title='bbox 671 2043 758 2074; x_wconf 86' lang='lat' dir='ltr'>cruci</span> <span class='ocrx_word' id='word_1_315' title='bbox 784 2046 916 2073; x_wconf 86' lang='lat' dir='ltr'>mortem</span> <span class='ocrx_word' id='word_1_316' title='bbox 942 2042 1109 2074; x_wconf 84' lang='lat' dir='ltr'>moriendo</span> <span class='ocrx_word' id='word_1_317' title='bbox 1135 2042 1256 2085; x_wconf 83' lang='lat' dir='ltr'>subegi,</span> 
     </span>
     <span class='ocr_line' id='line_1_41' title="bbox 507 2086 1052 2122; baseline -0.002 -6"><span class='ocrx_word' id='word_1_318' title='bbox 507 2086 676 2116; x_wconf 66' lang='lat' dir='ltr'>Resurreoei</span> <span class='ocrx_word' id='word_1_319' title='bbox 696 2089 721 2114; x_wconf 77' lang='lat' dir='ltr'>et</span> <span class='ocrx_word' id='word_1_320' title='bbox 741 2086 841 2116; x_wconf 78' lang='lat' dir='ltr'>adhuc</span> <span class='ocrx_word' id='word_1_321' title='bbox 862 2090 953 2115; x_wconf 80' lang='lat' dir='ltr'>tecum</span> <span class='ocrx_word' id='word_1_322' title='bbox 976 2096 1052 2122; x_wconf 77' lang='lat' dir='ltr'>sum,</span> 
     </span>
     <span class='ocr_line' id='line_1_42' title="bbox 389 2129 1368 2170; baseline 0 -8"><span class='ocrx_word' id='word_1_323' title='bbox 389 2131 422 2162; x_wconf 87' lang='grc'><strong>2.</strong></span> <span class='ocrx_word' id='word_1_324' title='bbox 449 2129 547 2167; x_wconf 76' lang='lat' dir='ltr'>Quem</span> <span class='ocrx_word' id='word_1_325' title='bbox 572 2138 634 2160; x_wconf 85' lang='lat' dir='ltr'>non</span> <span class='ocrx_word' id='word_1_326' title='bbox 663 2129 798 2169; x_wconf 82' lang='lat' dir='ltr'>deserui⁷</span> <span class='ocrx_word' id='word_1_327' title='bbox 828 2129 932 2160; x_wconf 82' lang='lat' dir='ltr'>earnis</span> <span class='ocrx_word' id='word_1_328' title='bbox 960 2129 1032 2160; x_wconf 90' lang='lat' dir='ltr'>dum</span> <span class='ocrx_word' id='word_1_329' title='bbox 1059 2130 1200 2169; x_wconf 84' lang='lat' dir='ltr'>tegmina</span> <span class='ocrx_word' id='word_1_330' title='bbox 1227 2131 1368 2170; x_wconf 81' lang='lat' dir='ltr'>sumpsi3</span> 
     </span>
     <span class='ocr_line' id='line_1_43' title="bbox 505 2174 1074 2211; baseline 0 -9"><span class='ocrx_word' id='word_1_331' title='bbox 505 2174 641 2211; x_wconf 71' lang='lat' dir='ltr'>posuisti</span> <span class='ocrx_word' id='word_1_332' title='bbox 662 2182 753 2210; x_wconf 64' lang='lat' dir='ltr'>supe-r</span> <span class='ocrx_word' id='word_1_333' title='bbox 772 2182 815 2202; x_wconf 86' lang='lat' dir='ltr'>me</span> <span class='ocrx_word' id='word_1_334' title='bbox 836 2182 959 2202; x_wconf 66' lang='lat' dir='ltr'>nulnum</span> <span class='ocrx_word' id='word_1_335' title='bbox 980 2177 1074 2207; x_wconf 79' lang='lat' dir='ltr'>tuum,</span> 
     </span>
     <span class='ocr_line' id='line_1_44' title="bbox 389 2215 1280 2259; baseline 0 -11"><span class='ocrx_word' id='word_1_336' title='bbox 389 2216 419 2248; x_wconf 89' lang='lat'>3.</span> <span class='ocrx_word' id='word_1_337' title='bbox 450 2215 494 2248; x_wconf 91' lang='lat' dir='ltr'>Ut</span> <span class='ocrx_word' id='word_1_338' title='bbox 519 2223 578 2255; x_wconf 89' lang='lat' dir='ltr'>per</span> <span class='ocrx_word' id='word_1_339' title='bbox 603 2223 652 2245; x_wconf 89' lang='lat' dir='ltr'>me</span> <span class='ocrx_word' id='word_1_340' title='bbox 681 2221 734 2246; x_wconf 87' lang='lat' dir='ltr'>tua</span> <span class='ocrx_word' id='word_1_341' title='bbox 760 2215 806 2246; x_wconf 87' lang='lat' dir='ltr'>sic</span> <span class='ocrx_word' id='word_1_342' title='bbox 833 2215 932 2246; x_wconf 82' lang='lat' dir='ltr'>virtus</span> <span class='ocrx_word' id='word_1_343' title='bbox 959 2216 1153 2247; x_wconf 85' lang='lat' dir='ltr'>claresceret</span> <span class='ocrx_word' id='word_1_344' title='bbox 1178 2216 1280 2259; x_wconf 63' lang='lat' dir='ltr'>alma,</span> 
     </span>
     <span class='ocr_line' id='line_1_45' title="bbox 508 2259 1061 2296; baseline 0.002 -9"><span class='ocrx_word' id='word_1_345' title='bbox 508 2259 662 2288; x_wconf 72' lang='lat' dir='ltr'>mirabilis</span> <span class='ocrx_word' id='word_1_346' title='bbox 683 2262 766 2296; x_wconf 71' lang='lat' dir='ltr'>s&#39;czcta</span> <span class='ocrx_word' id='word_1_347' title='bbox 788 2261 831 2288; x_wconf 81' lang='lat' dir='ltr'>est</span> <span class='ocrx_word' id='word_1_348' title='bbox 850 2259 977 2289; x_wconf 73' lang='lat' dir='ltr'>seientia</span> <span class='ocrx_word' id='word_1_349' title='bbox 998 2263 1061 2288; x_wconf 76' lang='lat' dir='ltr'>lua.</span> 
     </span>
    </p>
   </div>
   <div class='ocr_carea' id='block_1_13' title="bbox 209 2327 1526 2446">
    <p class='ocr_par' dir='ltr' id='par_1_14' title="bbox 209 2327 1526 2446">
     <span class='ocr_line' id='line_1_46' title="bbox 284 2327 1526 2366; baseline 0.003 -10"><span class='ocrx_word' id='word_1_350' title='bbox 284 2330 372 2366; x_wconf 87' lang='lat' dir='ltr'>Trop.</span> <span class='ocrx_word' id='word_1_351' title='bbox 397 2339 450 2357; x_wconf 84' lang='lat' dir='ltr'>ms.</span> <span class='ocrx_word' id='word_1_352' title='bbox 478 2330 684 2356; x_wconf 77' lang='lat' dir='ltr'>wintoniense</span> <span class='ocrx_word' id='word_1_353' title='bbox 711 2337 786 2356; x_wconf 87' lang='lat' dir='ltr'>saec.</span> <span class='ocrx_word' id='word_1_354' title='bbox 815 2327 856 2356; x_wconf 89' lang='lat'>10.</span> <span class='ocrx_word' id='word_1_355' title='bbox 887 2338 930 2355; x_wconf 86' lang='lat' dir='ltr'>ex.</span> <span class='ocrx_word' id='word_1_356' title='bbox 973 2329 1043 2356; x_wconf 87' lang='lat' dir='ltr'>Cod.</span> <span class='ocrx_word' id='word_1_357' title='bbox 1069 2330 1213 2358; x_wconf 75' lang='lat' dir='ltr'>Oxonien.</span> <span class='ocrx_word' id='word_1_358' title='bbox 1233 2331 1316 2359; x_wconf 84' lang='lat' dir='ltr'>Bodl.</span> <span class='ocrx_word' id='word_1_359' title='bbox 1344 2330 1408 2360; x_wconf 85' lang='lat'>775.</span> <span class='ocrx_word' id='word_1_360' title='bbox 1429 2333 1464 2360; x_wconf 84' lang='lat' dir='ltr'>A.</span> <span class='ocrx_word' id='word_1_361' title='bbox 1486 2348 1526 2353; x_wconf 83' lang='lat'><strong>—</strong></span> 
     </span>
     <span class='ocr_line' id='line_1_47' title="bbox 209 2367 1524 2408; baseline 0.003 -12"><span class='ocrx_word' id='word_1_362' title='bbox 209 2371 297 2405; x_wconf 86' lang='lat' dir='ltr'>Trop.</span> <span class='ocrx_word' id='word_1_363' title='bbox 319 2377 370 2396; x_wconf 85' lang='lat' dir='ltr'>ms.</span> <span class='ocrx_word' id='word_1_364' title='bbox 391 2368 598 2395; x_wconf 86' lang='lat' dir='ltr'>Wintoniense</span> <span class='ocrx_word' id='word_1_365' title='bbox 620 2376 695 2394; x_wconf 74' lang='lat' dir='ltr'>saec.</span> <span class='ocrx_word' id='word_1_366' title='bbox 719 2367 761 2394; x_wconf 86' lang='grc'>11.</span> <span class='ocrx_word' id='word_1_367' title='bbox 796 2368 866 2395; x_wconf 88' lang='lat' dir='ltr'>Cod.</span> <span class='ocrx_word' id='word_1_368' title='bbox 890 2367 962 2395; x_wconf 85' lang='lat' dir='ltr'>Coll.</span> <span class='ocrx_word' id='word_1_369' title='bbox 985 2368 1071 2404; x_wconf 87' lang='lat' dir='ltr'>Corp.</span> <span class='ocrx_word' id='word_1_370' title='bbox 1088 2369 1198 2397; x_wconf 81' lang='lat' dir='ltr'>Christi</span> <span class='ocrx_word' id='word_1_371' title='bbox 1214 2371 1434 2408; x_wconf 79' lang='lat' dir='ltr'>Cantabrigien.</span> <span class='ocrx_word' id='word_1_372' title='bbox 1456 2370 1524 2400; x_wconf 79' lang='lat'>473.</span> 
     </span>
     <span class='ocr_line' id='line_1_48' title="bbox 209 2406 1525 2446; baseline 0.005 -13"><span class='ocrx_word' id='word_1_373' title='bbox 209 2409 240 2436; x_wconf 87' lang='grc' dir='ltr'>Β.</span> <span class='ocrx_word' id='word_1_374' title='bbox 269 2422 303 2427; x_wconf 91' lang='lat'>-—</span> <span class='ocrx_word' id='word_1_375' title='bbox 333 2408 420 2443; x_wconf 87' lang='lat' dir='ltr'>Trop.</span> <span class='ocrx_word' id='word_1_376' title='bbox 448 2415 500 2433; x_wconf 77' lang='grc' dir='ltr'><strong>ωε.</strong></span> <span class='ocrx_word' id='word_1_377' title='bbox 527 2406 733 2434; x_wconf 85' lang='lat' dir='ltr'>Glastoniense</span> <span class='ocrx_word' id='word_1_378' title='bbox 757 2406 1012 2440; x_wconf 64' lang='lat' dir='ltr'>(mantuanense)</span> <span class='ocrx_word' id='word_1_379' title='bbox 1037 2415 1113 2435; x_wconf 87' lang='lat' dir='ltr'>saec.</span> <span class='ocrx_word' id='word_1_380' title='bbox 1143 2407 1187 2436; x_wconf 90' lang='lat'>11.</span> <span class='ocrx_word' id='word_1_381' title='bbox 1216 2417 1261 2437; x_wconf 86' lang='lat' dir='ltr'>ex.</span> <span class='ocrx_word' id='word_1_382' title='bbox 1287 2408 1328 2443; x_wconf 89' lang='lat' dir='ltr'>(et</span> <span class='ocrx_word' id='word_1_383' title='bbox 1357 2408 1413 2446; x_wconf 88' lang='lat'>12.)</span> <span class='ocrx_word' id='word_1_384' title='bbox 1452 2411 1525 2440; x_wconf 84' lang='lat' dir='ltr'>Cod.</span> 
     </span>
    </p>
   </div>
  </div>
 </body>
</html>
