1653 2689
747 117 795 123 —
842 97 888 133 42
920 108 985 122 „—

619 216 623 219 -
670 201 720 232 57.
751 201 789 232 ln
811 199 922 231 saneti
941 199 1052 230 Petri.

434 271 579 304 Eductus
604 271 732 311 quidem
757 273 885 301 sauctus
911 268 952 300 de
976 275 1105 300 carcere
1130 265 1255 309 Petrus,

482 320 652 359 Postquam
681 317 828 350 discessit
850 316 991 357 angelus,
1019 340 1027 348 .
1054 340 1063 348 .
1091 313 1190 347 dixit:

325 365 422 398 Nunc
447 367 512 399 scio
538 375 617 407 rere,
644 366 722 405 quia
747 363 837 396 misit
862 362 1028 395 Dominus
1053 360 1207 402 angelum
1229 369 1329 394 suwm
1350 363 1412 392 etc.

284 442 371 477 Trop.
394 451 445 468 ms.
467 442 653 473 Inticenseff)
673 448 748 466 saec.
770 437 814 466 12.
835 447 880 466 ex.
919 437 991 466 Cod.
1012 436 1156 465 Oxonien.
1176 436 1262 464 Mine.
1281 435 1328 462 lit.
1349 432 1416 463 341.

578 553 627 583 55⁴.
660 552 698 582 In
719 560 765 582 ss.
791 551 942 589 Philippi
963 552 999 581 et
1019 550 1149 581 Iacobi.

434 627 560 664 Aspera
586 626 750 662 portantes
776 626 910 661 propter
935 626 967 653 te
993 630 1129 661 corpora
1155 621 1258 653 sancti

303 671 575 703 Ea·clav›zaz·e›·unt
599 671 644 702 ad
667 673 706 712 te,
733 669 886 707 Domine,
912 669 949 700 in
973 672 1116 708 tempore
1140 668 1332 708 afflictionis
1357 670 1420 700 etc.

282 746 370 780 Trop.
393 756 444 773 ms.
466 746 656 773 Martialense
678 754 753 772 saec.
776 743 820 772 11.
842 745 882 772 in.
922 743 993 772 cod.
1014 743 1140 771 Pal-isin.
1163 740 1247 770 1121.

628 858 679 888 59.
711 857 748 886 In
770 857 883 887 sancti
904 856 1082 894 Stephani.

378 927 505 960 Primus
529 927 589 959 init
615 927 796 967 Stephanus
821 927 1001 958 mercedem
1029 926 1202 969 sanguinis,
1228 925 1332 958 imbre

376 974 535 1007 Adflictas
560 976 723 1014 lapidum·⁷
750 974 912 1008 Christum
938 978 1044 1006 tamen
1069 974 1126 1005 ille
1151 978 1303 1006 eruentus

376 1024 466 1054 Inter
492 1032 567 1054 saxa
594 1026 694 1065 rogat,
723 1031 762 1054 ne
787 1023 828 1054 sit
853 1022 1010 1062 lapidatio
1036 1021 1143 1054 fraudi

377 1070 542 1103 Hostibus.
569 1088 617 1094 -
642 1070 677 1111 Ο,
706 1071 828 1110 primae
853 1071 958 1109 pietas
982 1069 1130 1102 miranda
1156 1070 1310 1101 coronae!
1342 1087 1382 1092 —

378 1118 441 1150 Sed
471 1119 539 1150 vice
565 1127 622 1150 nos
648 1117 803 1158 Stephani
825 1117 996 1150 Dominum
1022 1117 1181 1156 pulsando
1207 1125 1377 1149 canamus:

479 1165 586 1207 Agite,
613 1166 740 1198 Etenim
769 1165 919 1197 sederunt
938 1165 1106 1205 principes
1132 1168 1192 1197 etc.

281 1241 370 1276 Trop.
397 1250 446 1268 ms.
470 1241 662 1275 Sangallense
694 1249 768 1267 saec.
791 1239 835 1267 10.
876 1240 946 1268 Cod.
969 1239 1138 1276 Sangallen.
1160 1238 1225 1267 484.
1247 1240 1280 1266 A.
1301 1254 1337 1258 ——-
1357 1240 1447 1275 Trop.
1469 1249 1524 1268 ms,

207 1279 397 1315 Sangallense
425 1288 499 1306 saec.
531 1277 573 1306 10.
619 1279 689 1306 Cod.
719 1279 886 1313 Sangalleu.
912 1276 978 1305 378.
1005 1280 1037 1305 B.
1067 1292 1103 1296 -
1131 1278 1218 1314 Trop.
1243 1285 1298 1305 ms.
1329 1277 1522 1313 Sangallense

206 1326 281 1345 saec.
311 1317 352 1344 11.
381 1319 419 1344 in.
461 1317 530 1345 Cod.
560 1317 727 1352 Sangallen.
753 1314 818 1344 381.
841 1318 871 1343 C.
894 1332 930 1336 ν-
951 1316 1038 1352 Trop.
1069 1324 1120 1343 ms.
1150 1316 1342 1352 Sangallense
1372 1324 1449 1344 saec.
1480 1315 1523 1344 11.

207 1356 277 1383 cod.
299 1355 467 1390 Sangallen.
489 1353 554 1382 376.
575 1356 612 1382 D.
628 1370 663 1375 —
677 1356 757 1390 Trop
787 1364 840 1381 ms.
862 1354 1054 1388 Sangallense
1074 1362 1150 1381 saec.
1174 1354 1217 1381 11.
1257 1354 1328 1382 eod.
1350 1354 1525 1390 Sangallen.

206 1392 270 1420 380.
287 1393 320 1420 E.
337 1409 371 1413 »-
387 1395 474 1428 Trop.
496 1403 547 1419 ms.
564 1393 756 1428 Sangallense
778 1401 853 1420 saec.
874 1392 929 1421 (ll.
951 1396 990 1421 eti
1014 1390 1055 1420 13.
1089 1392 1157 1420 Cod.
1174 1392 1343 1428 Sangallen.
1359 1391 1424 1421 382.
1440 1394 1471 1421 F.
1486 1408 1525 1413 -—-

207 1433 294 1466 Trop.
316 1441 367 1458 ms.
389 1430 639 1465 Moguntinum(?›
661 1432 729 1458 anni
752 1429 892 1458 955—62.
928 1430 997 1458 Cod.
1021 1430 1183 1458 Londinen.
1206 1432 1278 1458 Add.
1304 1431 1339 1459 19
1349 1429 1412 1460 768.
1433 1433 1469 1460 G.
1487 1446 1524 1451 —

206 1471 294 1504 Trop.
316 1479 368 1496 ms.
389 1470 540 1496 Mindense
564 1470 634 1496 anni
658 1467 739 1496 1024.
774 1469 845 1496 eod.
868 1470 1034 1496 Berolinen.
1055 1469 1144 1496 theol.
1166 1470 1226 1496 1V0
1252 1469 1295 1497 11.
1318 1471 1356 1498 H.
1377 1485 1414 1489 -
1434 1471 1526 1507 Trop.

206 1516 258 1534 ms.
282 1508 534 1535 Heidenhemense
556 1516 630 1534 saec.
655 1506 696 1534 ll.
740 1507 809 1534 Cod.
832 1508 973 1535 Oxonien.
998 1508 1075 1535 Seld.
1098 1516 1186 1543 supra
1209 1505 1254 1535 27.
1277 1509 1300 1535 Ι.

286 1546 299 1572 1
327 1546 448 1573 imbrem
471 1545 505 1573 G.
534 1560 570 1564 —-
596 1544 614 1572 3
641 1550 724 1580 rogat
754 1547 847 1573 nescit
867 1546 932 1578 AB;
961 1546 1071 1573 fraudis
1093 1546 1127 1573 G.
1151 1561 1183 1565 —
1206 1545 1224 1573 4
1251 1547 1346 1583 pietas
1367 1547 1525 1575 inseranda

206 1585 245 1615 Α,
274 1584 439 1611 miseranda
461 1585 547 1612 G—I.
574 1600 604 1603 —
627 1583 644 1610 5
671 1584 704 1610 In
730 1585 794 1610 vice
822 1584 970 1615 BDEFffl
999 1586 1028 1611 in
1050 1586 1099 1612 AC
1125 1585 1171 1611 die
1198 1585 1313 1612 Rubrik
1338 1585 1425 1618 (nach
1448 1586 1524 1622 „Sed

207 1624 270 1649 vice
292 1622 362 1649 nos*
386 1626 450 1649 ete·
478 1623 557 1650 ..velz
579 1622 625 1649 En
646 1623 710 1649 vice
735 1620 816 1649 nos“.
856 1622 1111 1650 Wahrscheinlich
1134 1623 1232 1650 wurde
1253 1627 1325 1651 statt
1345 1624 1397 1651 der
1410 1633 1525 1660 ganzen

206 1660 389 1688 introductio
410 1661 464 1686 mit
483 1660 547 1687 dem
571 1659 687 1687 Schluss
716 1660 791 1693 „Sed
810 1661 891 1686 viee‘*
921 1660 997 1688 nach
1019 1661 1156 1688 Belieben
1176 1670 1244 1688 nur
1265 1662 1316 1689 der
1338 1663 1403 1690 eine
1424 1663 1524 1690 Hexa-

206 1702 297 1725 meter
320 1699 383 1727 ..En
413 1700 476 1725 vice
497 1696 568 1725 nos“
591 1702 643 1725 etc.
663 1697 838 1732 gebraucht:
867 1699 952 1726 darin
975 1699 1105 1726 bestfirkt
1126 1708 1180 1726 uns
1202 1701 1253 1727 der
1275 1700 1429 1735 Umstand,
1457 1699 1524 1729 dass

209 1738 246 1764 im
268 1737 354 1772 Trop.
382 1746 434 1763 ms.
457 1736 690 1772 Sangallense(?j
716 1744 791 1763 saec.
825 1734 868 1763 10.
909 1738 978 1764 eod.
1000 1738 1204 1765 Vindobouen.
1235 1737 1308 1766 1609
1336 1749 1405 1767 nur
1429 1741 1526 1768 dieser

206 1777 271 1802 eine
293 1775 469 1802 Hexameter
496 1777 549 1802 mit
575 1775 640 1802 dem
666 1774 881 1807 verderhtenffj
901 1776 1034 1811 Anfange
1058 1777 1109 1810 „In
1130 1776 1210 1804 vice*
1233 1777 1297 1804 sich
1317 1778 1417 1806 findet.
1456 1779 1525 1815 Vgi.

207 1814 346 1849 iibrigens
373 1813 420 1840 die
448 1813 581 1847 folgende
602 1813 792 1840 Introductio.
816 1828 848 1831 —
871 1813 889 1840 «5
913 1815 976 1841 vice
998 1823 1073 1841 nune
1095 1814 1136 1847 E;
1165 1816 1228 1843 eius
1247 1816 1294 1847 (st.
1316 1817 1472 1852 Stephani)
1492 1818 1525 1845 C.

208 1865 245 1870 —-
259 1852 319 1878 Der
334 1852 475 1878 Introitus
491 1853 528 1877 ist
543 1851 593 1878 des
608 1853 744 1878 weiteren
759 1853 896 1886 tropiert:
914 1851 1025 1887 „Super
1038 1853 1206 1880 cathedram
1223 1855 1363 1890 malignis
1376 1855 1523 1883 suffultam

207 1891 393 1921 testimoniis,
415 1887 459 1916 Et
481 1887 637 1916 adversum
662 1896 703 1915 me
724 1890 786 1916 et&
807 1889 891 1919 {alles
914 1891 944 1917 in
965 1891 1076 1925 I'rosa).

635 2002 685 2031 60.
717 2002 754 2031 In
777 2002 886 2032 sancti
910 2002 1087 2041 Stephani.

376 2072 537 2103 Christum
564 2072 736 2112 cernentis,
762 2072 884 2111 patitur
911 2072 983 2105 (lum
1010 2074 1108 2106 verba
1130 2075 1294 2116 minantis,

379 2121 416 2152 In
443 2120 511 2151 vice
537 2128 593 2151 nos
620 2118 775 2158 Stephani
800 2119 969 2152 Dominum
996 2121 1154 2160 pulsando
1180 2132 1341 2166 canamus,

480 2167 594 2207 Agite:
621 2167 750 2199 Etenim
775 2167 928 2200 sederunt
946 2169 1115 2209 principes
1141 2174 1195 2205 etc.

283 2245 370 2279 Trop.
398 2251 450 2270 ms.
472 2242 664 2278 Sangallense
690 2251 765 2270 saec.
790 2241 833 2270 10.
874 2243 944 2271 Cod.
966 2245 1135 2282 Sangallen.
1155 2244 1222 2274 484.
1244 2247 1279 2275 A.
1299 2261 1337 2267 —
1357 2248 1446 2284 Trop.
1469 2257 1528 2277 ms.

210 2282 404 2319 Sangallense
429 2290 505 2309 saec.
533 2278 576 2308 10.
620 2281 690 2308 Cod.
721 2281 889 2319 Sangallen.
917 2280 982 2310 378.
1009 2284 1043 2310 B.
1071 2299 1109 2304 —
1134 2285 1224 2319 Trop.
1251 2295 1305 2314 ms.
1333 2287 1528 2323 Sangallense

209 2329 285 2349 saec.
308 2319 352 2348 11.
374 2321 413 2347 in.
444 2319 513 2348 Cod.
536 2319 706 2356 Sangallen.
725 2319 790 2347 351.
812 2320 844 2347 C.
865 2334 902 2339 —
921 2320 1009 2357 Trop.
1031 2331 1084 2349 ms.
1104 2323 1360 2353 Heidenhemense
1381 2334 1458 2353 saec.
1481 2325 1530 2356 11.

209 2359 281 2388 eod.
301 2358 444 2387 Oxonien.
466 2358 544 2386 Seld.
572 2366 660 2395 supra
688 2356 733 2385 27.
755 2358 792 2385 D.
812 2372 849 2376 —
872 2357 885 2385 1
908 2364 1058 2388 cernentes
1080 2362 1115 2389 D.
1136 2376 1174 2382 —
1194 2363 1308 2399 Wegen
1329 2363 1404 2391 Vers
1426 2362 1444 2392 2
1463 2365 1526 2400 vgl.

208 2399 264 2426 den
285 2396 546 2434 vorbergehenden
565 2397 682 2432 Tropus
700 2397 786 2426 (Vers
807 2395 824 2423 5
843 2397 931 2425 nebst
951 2399 1154 2436 Bemerkung).
