1653 2689
422 553 476 588 10.

421 1208 475 1242 11.

425 1855 479 1889 12.

504 229 632 270 Lingua
655 227 788 270 peritos,
815 229 882 262 vita
906 223 1143 267 manda-ff&
1171 256 1174 259 ⁴
1202 267 1206 270 ‚
1252 272 1254 274 Ι

501 277 586 318 Quos
612 281 714 311 totum
739 277 846 310 mittet
869 278 903 310 in
927 277 1091 312 mundum.
1121 278 1126 282 ’
1235 271 1239 278 “

597 327 641 366 R.
669 331 754 374 Heu,
781 330 901 373 miseri,

670 379 754 419 Heu,
779 379 905 412 miseri!

668 427 763 468 Quid,
790 427 894 469 homo,
921 427 1064 468 ineptam

671 475 821 515 Sequeris
847 473 1029 508 laetitiam?

503 550 683 587 Karacterc
706 552 843 584 nominis
867 552 916 584 sui
942 550 1074 585 nefandi

503 600 658 633 Homines
682 599 773 632 iubet
795 600 954 641 insigniri,

505 648 639 681 Dividat
662 647 811 689 proprios
838 644 857 666 *
885 652 919 679 ut
943 658 963 680 a
988 651 1080 680 coetu
1104 653 1307 690 sanctorum;

602 696 665 728 Hic
689 705 778 728 arma
802 700 905 728 sumet

603 743 722 776 Contra
747 743 876 784 beatos;

601 791 730 824 Nerone
754 792 889 830 saevior,

601 839 700 872 Decio
726 840 866 871 atrocior

505 887 660 919 Flammis
686 892 718 919 et
743 885 840 927 ferro,
866 886 978 920 bestiis
1003 889 1110 920 terrae

507 935 652 975 Corpora
677 935 785 966 tradet
810 934 987 968 beatorum.

599 984 641 1020 R.
673 988 755 1025 Heu,
781 987 901 1027 miseri,

672 1037 755 1074 Heu,
781 1035 908 1068 miseri!

672 1082 764 1123 Quid,
792 1083 894 1124 homo,
920 1083 1062 1124 ineptam

670 1130 819 1170 Sequeris
845 1129 1029 1165 laetitiam?

502 1203 643 1240 Laureas
667 1209 795 1238 sumunt
819 1210 976 1248 martyres
1003 1207 1122 1240 Christi

503 1254 598 1286 Fidei
623 1255 721 1286 armis
746 1255 933 1296 praecincti,

504 1302 671 1342 Respuunt
695 1302 842 1343 honoreS,
870 1298 889 1318 *
916 1306 1119 1334 contemnunt
1145 1305 1315 1348 cruciatus,

600 1349 668 1381 Nec
694 1349 921 1381 blandimentis

599 1397 734 1429 Pectora
759 1397 922 1435 molliunt;

602 1444 785 1476 Terminum
811 1445 964 1477 ecclesiae

602 1491 842 1524 Consecrabunt
870 1493 1032 1532 sanguine,

505 1538 550 1572 Ut
575 1539 663 1571 velut
687 1539 880 1579 principium
906 1540 947 1571 sit
971 1540 1044 1572 finis
1069 1550 1194 1582 quoque

506 1586 609 1620 Simili
634 1587 764 1619 radians
791 1586 941 1626 fulgore„

598 1631 640 1668 R.
672 1635 697 1667 Ο
723 1643 816 1673 quam
844 1634 939 1675 beati,

670 1682 730 1721 Qui
755 1682 895 1713 nondum
921 1683 987 1715 nati

673 1730 740 1761 Iam
767 1729 852 1761 cives
878 1735 1028 1762 aeternae

673 1777 794 1816 Scripti
819 1778 896 1808 estis
922 1778 1064 1818 patriae!

505 1849 658 1894 Magnum
683 1853 878 1894 praesidium
905 1855 1023 1887 sanctis
1049 1855 1113 1888 suis

508 1900 654 1933 Christus
679 1901 784 1932 mittet
809 1911 828 1933 a
853 1902 982 1934 sedibus
1000 1896 1110 1945 almis,

506 1948 612 1981 Eliam
639 1953 670 1980 et
695 1949 838 1989 Henoch,
868 1946 886 1966 *
914 1950 1109 1984 candelabra
1133 1953 1285 1994 lucentia,

601 1996 738 2036 Magnos
762 2005 947 2039 praecones,

603 2044 716 2076 Testes
740 2043 914 2077 mirabiles.

603 2092 646 2124 Hi
673 2092 794 2124 dabunt
820 2093 978 2134 prodigia,

603 2139 701 2180 Signa
725 2143 757 2171 et
781 2144 948 2180 portenta3

508 2186 742 2220 Consortabunt
767 2188 921 2228 trepidos,
948 2193 1134 2222 convertent
1158 2191 1306 2233 Iudaeos,

508 2235 707 2268 Antichristo
733 2236 964 2269 contradicent.

603 2279 645 2317 R.
676 2283 702 2316 Ο
728 2292 821 2322 quam
848 2283 942 2326 beati,

674 2331 728 2363 Ad
754 2330 813 2362 hoc
838 2333 1032 2376 praeparati,

673 2380 703 2411 A
728 2382 813 2410 metu
840 2381 945 2412 carnis

675 2427 804 2460 Penitus
830 2427 942 2460 alieni!
