1653 2689
803 167 1065 204 —178—

529 266 560 298 3.
598 265 798 298 Adulescens
823 266 1024 306 amplexatus

598 314 683 346 vitae
709 323 803 346 verae
828 314 946 356 studia,

679 359 827 397 apparuit

527 406 558 437 4.
597 404 717 436 Summi
744 405 827 445 regis
853 401 872 422 *
898 413 1020 437 summa
1046 405 1200 445 potentia,

678 450 780 486 qratia

528 498 560 528 5.
599 496 768 568 Sapigiter
795 493 813 512 *
843 496 1015 535 disponens
1042 495 1149 528 omnia

708 550 744 577 ez,

528 587 559 618 6.
599 587 662 618 Per
685 595 776 626 quem
803 590 917 618 cuncta
945 582 964 602 *
991 586 1120 618 condita
1145 590 1217 618 sunt
1242 587 1380 626 saecula,

681 631 844 660 salvatoris
866 630 973 664 nostri,

531 677 560 708 7.
601 702 747 710 .....
775 677 877 717 patris
903 676 1012 717 geniti,

681 723 820 750 omnibus
841 721 1024 757 hominibus,

527 768 559 800 8.
598 768 682 807 Quos
708 768 818 799 divina
843 768 946 807 gratia

598 815 699 846 Vocat
724 817 764 847 ad
792 815 953 853 caelestia,

683 860 821 889 erudiens
842 869 908 893 nos,

528 906 559 939 9.
598 905 692 937 Fidei
720 907 866 946 dogmate
892 909 1024 946 pectora

597 953 750 986 Reddens
779 951 913 996 [amore]
939 952 1145 993 flammantia,

680 1003 714 1027 ut
735 999 916 1035 abnegantes
936 999 1123 1035 impietatem,

507 1044 560 1077 10.
601 1045 687 1083 Quae
715 1046 871 1085 depravat
896 1045 994 1076 bonos
1019 1053 1123 1076 mores

600 1093 808 1124 corrodendo
837 1117 844 1124 .
873 1118 880 1125 .
907 1101 989 1129 ores,

683 1140 708 1165 et
729 1137 897 1166 saecularia
921 1135 1080 1169 desideria,

506 1182 556 1213 11.
597 1183 683 1221 Quae
709 1193 765 1215 nos
791 1187 936 1223 mergunt
964 1183 997 1214 in
1023 1183 1082 1215 hoc
1108 1183 1226 1215 mundo

599 1230 766 1262 Rationum
791 1231 823 1261 in
849 1230 1018 1273 profundo,

685 1276 783 1304 sobrie

506 1320 560 1353 12.
600 1320 765 1353 Servando
790 1320 906 1352 ieiunia

681 1369 707 1393 et
729 1367 804 1394 iusie

505 1410 559 1443 13.
599 1408 857 1454 Temperan[ter]

601 1463 633 1490 et
656 1455 858 1502 pru[denter]

682 1506 708 1531 et
725 1505 775 1541 pie

509 1549 563 1583 14.
601 1549 643 1581 Et
670 1549 831 1589 oppressis
857 1549 1071 1588 impendendo

602 1597 702 1628 multa
727 1596 882 1628 beneficia

630 1643 633 1646 '
681 1642 812 1671 vivamus
836 1642 867 1670 in
889 1642 944 1670 hoc
963 1641 1090 1674 saeculo,

508 1688 561 1719 15.
601 1688 637 1719 In
663 1688 748 1718 vasis
774 1687 928 1719 habentes
952 1687 1067 1729 oleum,

603 1735 712 1767 Donec
737 1744 871 1775 sponsus
897 1735 1003 1775 pulset
1029 1735 1155 1773 ostium,

683 1783 884 1816 exspectantes

508 1826 562 1859 16.
590 1827 769 1858 Secundum
795 1826 1037 1865 promissionem
1063 1826 1124 1857 Dei

684 1870 796 1899 beatam
819 1879 899 1906 spem,

506 1917 560 1950 17.
587 1918 786 1957 Resurgendi
813 1926 832 1947 a
857 1916 991 1948 mortuis

681 1966 707 1990 et
727 1961 884 1990 adrentum
907 1961 1028 1997 (floriac.

353 2050 474 2077 Collect.
501 2059 552 2077 τηε.
575 2049 774 2085 Anglicumse)
801 2058 876 2077 saec.
901 2047 943 2076 13.
963 2050 1187 2086 (fragmentum).
1228 2049 1298 2077 Cod.
1320 2050 1486 2079 Londinen.
1507 2052 1593 2080 Harl.

277 2087 358 2116 1010.
379 2103 417 2107 -—
441 2088 462 2121 1⁷
488 2087 500 2115 1
524 2090 615 2115 Cuius
636 2088 770 2114 doctrina
791 2096 861 2115 vera
882 2088 973 2114 eaelo.
995 2103 1031 2107 -—-
1053 2087 1070 2114 5
1089 2089 1252 2121 Sapientia.
1274 2103 1310 2107 ——
1333 2088 1377 2120 ll,
1399 2087 1417 2115 ‘2
1432 2090 1592 2118 Rationum

276 2127 389 2154 scheint
416 2127 553 2154 verderbt
580 2136 616 2153 zu
643 2127 715 2153 sein.
736 2141 774 2144 —
797 2124 830 2153 13
859 2124 1104 2163 Temporan[te1·l.
1125 2141 1162 2145 —
1184 2127 1266 2154 Nach
1297 2127 1348 2159 17.
1376 2126 1394 2155 2
1421 2128 1497 2165 solgt
1517 2129 1593 2156 noch

279 2164 400 2201 „quae“,
420 2166 497 2192 daun
519 2166 585 2192 eine
605 2164 701 2199 grosse
725 2165 834 2196 Liieke,
855 2164 992 2193 wodurch
1012 2165 1063 2192 der
1077 2165 1192 2200 Tropus
1214 2165 1410 2194 unvollendet
1433 2167 1536 2196 bleibt.
1555 2182 1594 2187 —

277 2204 318 2231 Es
339 2203 409 2239 geht
429 2204 493 2231 dem
516 2203 637 2230 Ganzen
659 2212 778 2230 vorans:

544 2260 734 2288 Exsultemus
756 2261 787 2286 in
807 2260 862 2287 hoc
884 2260 994 2288 Christi
1017 2259 1031 2274 *
1053 2270 1130 2288 novo
1152 2263 1300 2295 natalitio,

544 2298 600 2326 Per
620 2298 697 2334 quod
719 2298 826 2326 mundo
847 2299 1034 2334 praedicatur
1056 2298 1071 2314 ’³‘
1092 2301 1156 2327 eius
1177 2302 1380 2335 circumcisio3

545 2337 622 2365 Illud
644 2339 702 2364 iam
723 2336 933 2373 praefiguravit
955 2336 969 2350 *
991 2337 1067 2374 legis
1088 2342 1173 2367 vetus
1195 2341 1308 2368 sanctio

543 2375 583 2403 Et
602 2373 775 2412 [sancitum]
795 2376 979 2403 confirmavit
1000 2376 1015 2391 ⁸
1036 2377 1123 2404 Pauli
1145 2378 1337 2414 praedicatio.

353 2433 454 2461 Daran
487 2432 621 2461 schliesst
654 2434 715 2460 sich
751 2433 801 2460 der
832 2434 1015 2462 Conductus:
1050 2435 1215 2464 Resonet
1232 2434 1236 2471 Ι
1253 2437 1407 2465 Intonet
1424 2435 1429 2472 Ι
1447 2437 1595 2466 Fidelis

277 2473 375 2499 contio
397 2475 451 2500 etc.
471 2470 567 2506 (Anal.
589 2472 654 2504 XX,
676 2471 730 2506 58).
