<?xml version="1.0" encoding="UTF-8"?>
<!DOCTYPE html PUBLIC "-//W3C//DTD XHTML 1.0 Transitional//EN"
    "http://www.w3.org/TR/xhtml1/DTD/xhtml1-transitional.dtd">
<html xmlns="http://www.w3.org/1999/xhtml" xml:lang="en" lang="en">
 <head>
  <title>
</title>
<meta http-equiv="Content-Type" content="text/html;charset=utf-8" />
  <meta name='ocr-system' content='tesseract 3.04.00' />
  <meta name='ocr-capabilities' content='ocr_page ocr_carea ocr_par ocr_line ocrx_word'/>
</head>
<body>
  <div class='ocr_page' id='page_1' title='image "./analectahymnica49drevuoft_0224.png"; bbox 0 0 1653 2689; ppageno 0'>
   <div class='ocr_carea' id='block_1_1' title="bbox 708 118 970 154">
    <p class='ocr_par' dir='ltr' id='par_1_1' title="bbox 708 118 970 154">
     <span class='ocr_line' id='line_1_1' title="bbox 708 118 970 154; baseline 0 0"><span class='ocrx_word' id='word_1_1' title='bbox 708 118 970 154; x_wconf 82' lang='lat'>—221—</span> 
     </span>
    </p>
   </div>
   <div class='ocr_carea' id='block_1_2' title="bbox 543 213 1036 398">
    <p class='ocr_par' dir='ltr' id='par_1_2' title="bbox 623 213 912 304">
     <span class='ocr_line' id='line_1_2' title="bbox 626 213 908 256; baseline -0.004 -8"><span class='ocrx_word' id='word_1_2' title='bbox 626 215 797 248; x_wconf 81' lang='lat' dir='ltr'>Clavorum</span> <span class='ocrx_word' id='word_1_3' title='bbox 822 213 908 256; x_wconf 82' lang='lat' dir='ltr'>fixio,</span> 
     </span>
     <span class='ocr_line' id='line_1_3' title="bbox 623 262 912 304; baseline 0 -10"><span class='ocrx_word' id='word_1_4' title='bbox 623 262 751 295; x_wconf 78' lang='lat' dir='ltr'>Lateris</span> <span class='ocrx_word' id='word_1_5' title='bbox 776 263 912 304; x_wconf 84' lang='lat' dir='ltr'>apertio,</span> 
     </span>
    </p>

    <p class='ocr_par' dir='ltr' id='par_1_3' title="bbox 543 310 1036 398">
     <span class='ocr_line' id='line_1_4' title="bbox 543 310 968 352; baseline -0.002 -9"><span class='ocrx_word' id='word_1_6' title='bbox 543 310 585 344; x_wconf 90' lang='lat'>15</span> <span class='ocrx_word' id='word_1_7' title='bbox 625 310 736 352; x_wconf 84' lang='lat' dir='ltr'>sputa,</span> <span class='ocrx_word' id='word_1_8' title='bbox 762 310 968 351; x_wconf 82' lang='lat' dir='ltr'>exprobratio</span> 
     </span>
     <span class='ocr_line' id='line_1_5' title="bbox 623 357 1036 398; baseline 0.005 -9"><span class='ocrx_word' id='word_1_9' title='bbox 623 357 704 389; x_wconf 81' lang='lat' dir='ltr'>Sunt</span> <span class='ocrx_word' id='word_1_10' title='bbox 728 358 820 390; x_wconf 89' lang='lat' dir='ltr'>nobis</span> <span class='ocrx_word' id='word_1_11' title='bbox 845 358 1036 398; x_wconf 81' lang='lat' dir='ltr'>redemptio.</span> 
     </span>
    </p>
   </div>
   <div class='ocr_carea' id='block_1_3' title="bbox 175 439 1499 671">
    <p class='ocr_par' dir='ltr' id='par_1_4' title="bbox 175 439 1499 671">
     <span class='ocr_line' id='line_1_6' title="bbox 254 439 1498 479; baseline 0.004 -12"><span class='ocrx_word' id='word_1_12' title='bbox 254 439 382 473; x_wconf 79' lang='lat' dir='ltr'>Flacius‚</span> <span class='ocrx_word' id='word_1_13' title='bbox 408 441 459 468; x_wconf 88' lang='lat' dir='ltr'>Nr.</span> <span class='ocrx_word' id='word_1_14' title='bbox 488 443 597 470; x_wconf 52' lang='lat' dir='ltr'>XLIX,</span> <span class='ocrx_word' id='word_1_15' title='bbox 625 456 661 460; x_wconf 88' lang='lat'><strong>—</strong></span> <span class='ocrx_word' id='word_1_16' title='bbox 688 441 846 469; x_wconf 83' lang='lat' dir='ltr'>Vielleicht</span> <span class='ocrx_word' id='word_1_17' title='bbox 874 442 988 478; x_wconf 87' lang='lat' dir='ltr'>Tropus</span> <span class='ocrx_word' id='word_1_18' title='bbox 1016 452 1081 470; x_wconf 87' lang='lat' dir='ltr'>zum</span> <span class='ocrx_word' id='word_1_19' title='bbox 1110 444 1271 471; x_wconf 76' lang='lat' dir='ltr'>Graduale:</span> <span class='ocrx_word' id='word_1_20' title='bbox 1301 443 1498 479; x_wconf 86' lang='lat' dir='ltr'>„Christus</span> 
     </span>
     <span class='ocr_line' id='line_1_7' title="bbox 176 478 1499 516; baseline 0.005 -12"><span class='ocrx_word' id='word_1_21' title='bbox 176 478 303 505; x_wconf 83' lang='lat' dir='ltr'>factus</span> <span class='ocrx_word' id='word_1_22' title='bbox 339 480 395 506; x_wconf 78' lang='lat' dir='ltr'>est</span> <span class='ocrx_word' id='word_1_23' title='bbox 427 489 492 515; x_wconf 83' lang='lat' dir='ltr'>pro</span> <span class='ocrx_word' id='word_1_24' title='bbox 526 480 638 508; x_wconf 85' lang='lat' dir='ltr'>nobis</span> <span class='ocrx_word' id='word_1_25' title='bbox 672 481 879 507; x_wconf 87' lang='lat' dir='ltr'>oboediens</span> <span class='ocrx_word' id='word_1_26' title='bbox 913 489 1032 516; x_wconf 82' lang='lat' dir='ltr'>usque</span> <span class='ocrx_word' id='word_1_27' title='bbox 1067 481 1109 508; x_wconf 84' lang='lat' dir='ltr'>ad</span> <span class='ocrx_word' id='word_1_28' title='bbox 1145 484 1310 515; x_wconf 72' lang='lat' dir='ltr'>mortem,</span> <span class='ocrx_word' id='word_1_29' title='bbox 1345 487 1499 510; x_wconf 80' lang='lat' dir='ltr'>mortem</span> 
     </span>
     <span class='ocr_line' id='line_1_8' title="bbox 176 516 1496 551; baseline 0.003 -7"><span class='ocrx_word' id='word_1_30' title='bbox 176 519 299 544; x_wconf 86' lang='lat' dir='ltr'>autem</span> <span class='ocrx_word' id='word_1_31' title='bbox 321 516 482 551; x_wconf 85' lang='lat' dir='ltr'>crucis“;</span> <span class='ocrx_word' id='word_1_32' title='bbox 503 517 655 546; x_wconf 78' lang='lat' dir='ltr'>vielleicht</span> <span class='ocrx_word' id='word_1_33' title='bbox 675 518 745 546; x_wconf 87' lang='lat' dir='ltr'>aber</span> <span class='ocrx_word' id='word_1_34' title='bbox 766 518 841 546; x_wconf 81' lang='lat' dir='ltr'>auch</span> <span class='ocrx_word' id='word_1_35' title='bbox 862 528 928 545; x_wconf 90' lang='lat' dir='ltr'>zum</span> <span class='ocrx_word' id='word_1_36' title='bbox 950 520 1058 546; x_wconf 77' lang='lat' dir='ltr'>Versus</span> <span class='ocrx_word' id='word_1_37' title='bbox 1075 520 1281 548; x_wconf 81' lang='lat' dir='ltr'>Alleluiaticus</span> <span class='ocrx_word' id='word_1_38' title='bbox 1302 529 1360 547; x_wconf 80' lang='lat' dir='ltr'>von</span> <span class='ocrx_word' id='word_1_39' title='bbox 1375 522 1496 548; x_wconf 85' lang='lat' dir='ltr'>Ostern:</span> 
     </span>
     <span class='ocr_line' id='line_1_9' title="bbox 178 554 1497 591; baseline 0.003 -9"><span class='ocrx_word' id='word_1_40' title='bbox 178 554 332 590; x_wconf 82' lang='lat' dir='ltr'>„Christus</span> <span class='ocrx_word' id='word_1_41' title='bbox 354 563 512 591; x_wconf 86' lang='lat' dir='ltr'>resurgens</span> <span class='ocrx_word' id='word_1_42' title='bbox 533 565 551 583; x_wconf 88' lang='lat' dir='ltr'>a</span> <span class='ocrx_word' id='word_1_43' title='bbox 572 557 696 583; x_wconf 82' lang='lat' dir='ltr'>mortuis</span> <span class='ocrx_word' id='word_1_44' title='bbox 718 557 777 584; x_wconf 85' lang='lat' dir='ltr'>iam</span> <span class='ocrx_word' id='word_1_45' title='bbox 797 565 856 584; x_wconf 89' lang='lat' dir='ltr'>non</span> <span class='ocrx_word' id='word_1_46' title='bbox 877 558 1009 589; x_wconf 77' lang='lat' dir='ltr'>moritur,</span> <span class='ocrx_word' id='word_1_47' title='bbox 1033 565 1112 584; x_wconf 73' lang='lat' dir='ltr'>mors</span> <span class='ocrx_word' id='word_1_48' title='bbox 1135 559 1179 585; x_wconf 86' lang='lat' dir='ltr'>illi</span> <span class='ocrx_word' id='word_1_49' title='bbox 1201 560 1278 586; x_wconf 82' lang='lat' dir='ltr'>ultra</span> <span class='ocrx_word' id='word_1_50' title='bbox 1292 568 1350 585; x_wconf 84' lang='lat' dir='ltr'>non</span> <span class='ocrx_word' id='word_1_51' title='bbox 1364 559 1497 586; x_wconf 81' lang='lat' dir='ltr'>domina-</span> 
     </span>
     <span class='ocr_line' id='line_1_10' title="bbox 175 591 1497 632; baseline 0.002 -12"><span class='ocrx_word' id='word_1_52' title='bbox 175 591 283 620; x_wconf 79' lang='lat' dir='ltr'>bitur“.</span> <span class='ocrx_word' id='word_1_53' title='bbox 318 594 361 621; x_wconf 92' lang='lat' dir='ltr'>Zu</span> <span class='ocrx_word' id='word_1_54' title='bbox 382 594 533 622; x_wconf 80' lang='lat' dir='ltr'>letzterem</span> <span class='ocrx_word' id='word_1_55' title='bbox 554 595 663 622; x_wconf 82' lang='lat' dir='ltr'>Versus</span> <span class='ocrx_word' id='word_1_56' title='bbox 684 595 749 631; x_wconf 87' lang='lat' dir='ltr'><strong>gibt</strong></span> <span class='ocrx_word' id='word_1_57' title='bbox 770 604 800 622; x_wconf 82' lang='lat' dir='ltr'>es</span> <span class='ocrx_word' id='word_1_58' title='bbox 821 595 951 622; x_wconf 87' lang='lat' dir='ltr'>mehrere</span> <span class='ocrx_word' id='word_1_59' title='bbox 966 597 1091 632; x_wconf 78' lang='lat' dir='ltr'>Tropen‚</span> <span class='ocrx_word' id='word_1_60' title='bbox 1114 597 1160 624; x_wconf 82' lang='lat' dir='ltr'>die</span> <span class='ocrx_word' id='word_1_61' title='bbox 1182 598 1229 624; x_wconf 86' lang='lat' dir='ltr'>ich</span> <span class='ocrx_word' id='word_1_62' title='bbox 1250 597 1295 624; x_wconf 78' lang='lat' dir='ltr'>fiir</span> <span class='ocrx_word' id='word_1_63' title='bbox 1314 597 1361 624; x_wconf 90' lang='lat' dir='ltr'>die</span> <span class='ocrx_word' id='word_1_64' title='bbox 1375 598 1497 625; x_wconf 84' lang='lat' dir='ltr'>Edition</span> 
     </span>
     <span class='ocr_line' id='line_1_11' title="bbox 178 631 1427 671; baseline 0.003 -12"><span class='ocrx_word' id='word_1_65' title='bbox 178 631 228 659; x_wconf 82' lang='lat' dir='ltr'>des</span> <span class='ocrx_word' id='word_1_66' title='bbox 250 632 326 660; x_wconf 89' lang='lat' dir='ltr'>oben</span> <span class='ocrx_word' id='word_1_67' title='bbox 347 632 569 668; x_wconf 83' lang='lat' dir='ltr'>besprochenen</span> <span class='ocrx_word' id='word_1_68' title='bbox 590 632 689 660; x_wconf 85' lang='lat' dir='ltr'>Codex</span> <span class='ocrx_word' id='word_1_69' title='bbox 710 642 768 660; x_wconf 88' lang='lat' dir='ltr'>von</span> <span class='ocrx_word' id='word_1_70' title='bbox 788 634 978 669; x_wconf 83' lang='lat' dir='ltr'>Montpellier</span> <span class='ocrx_word' id='word_1_71' title='bbox 999 635 1058 662; x_wconf 87' lang='lat' dir='ltr'>und</span> <span class='ocrx_word' id='word_1_72' title='bbox 1080 635 1224 671; x_wconf 84' lang='lat' dir='ltr'>Bamberg</span> <span class='ocrx_word' id='word_1_73' title='bbox 1243 636 1427 671; x_wconf 83' lang='lat' dir='ltr'>zuriicklege.</span> 
     </span>
    </p>
   </div>
   <div class='ocr_carea' id='block_1_4' title="bbox 612 762 1065 798">
    <p class='ocr_par' dir='ltr' id='par_1_5' title="bbox 612 762 1065 798">
     <span class='ocr_line' id='line_1_12' title="bbox 612 762 1065 798; baseline 0.011 -5"><span class='ocrx_word' id='word_1_74' title='bbox 612 765 681 796; x_wconf 70' lang='lat'>429.</span> <span class='ocrx_word' id='word_1_75' title='bbox 713 767 751 796; x_wconf 84' lang='lat' dir='ltr'>In</span> <span class='ocrx_word' id='word_1_76' title='bbox 773 762 912 798; x_wconf 71' lang='lat' dir='ltr'>sanctae</span> <span class='ocrx_word' id='word_1_77' title='bbox 936 767 1065 798; x_wconf 78' lang='lat' dir='ltr'>Crucis-</span> 
     </span>
    </p>
   </div>
   <div class='ocr_carea' id='block_1_5' title="bbox 174 847 1420 1096">
    <p class='ocr_par' dir='ltr' id='par_1_6' title="bbox 174 847 1420 1096">
     <span class='ocr_line' id='line_1_13' title="bbox 642 847 809 879; baseline 0 -1"><span class='ocrx_word' id='word_1_78' title='bbox 642 847 674 878; x_wconf 80' lang='lat'>1.</span> <span class='ocrx_word' id='word_1_79' title='bbox 714 847 809 879; x_wconf 82' lang='lat' dir='ltr'>Clara</span> 
     </span>
     <span class='ocr_line' id='line_1_14' title="bbox 711 894 904 926; baseline 0.005 -1"><span class='ocrx_word' id='word_1_80' title='bbox 711 898 742 925; x_wconf 89' lang='lat' dir='ltr'>et</span> <span class='ocrx_word' id='word_1_81' title='bbox 768 894 904 926; x_wconf 86' lang='lat' dir='ltr'>subnixa</span> 
     </span>
     <span class='ocr_line' id='line_1_15' title="bbox 707 942 960 982; baseline 0.012 -9"><span class='ocrx_word' id='word_1_82' title='bbox 707 947 822 974; x_wconf 85' lang='lat' dir='ltr'>cuncta</span> <span class='ocrx_word' id='word_1_83' title='bbox 848 942 960 982; x_wconf 81' lang='lat' dir='ltr'>lingua</span> 
     </span>
     <span class='ocr_line' id='line_1_16' title="bbox 174 1007 1420 1050; baseline 0.002 -11"><span class='ocrx_word' id='word_1_84' title='bbox 174 1008 235 1040; x_wconf 76' lang='lat' dir='ltr'>2a.</span> <span class='ocrx_word' id='word_1_85' title='bbox 270 1007 398 1039; x_wconf 86' lang='lat' dir='ltr'>Laudes</span> <span class='ocrx_word' id='word_1_86' title='bbox 424 1008 518 1039; x_wconf 81' lang='lat' dir='ltr'>tollat</span> <span class='ocrx_word' id='word_1_87' title='bbox 543 1009 584 1040; x_wconf 90' lang='lat' dir='ltr'>ad</span> <span class='ocrx_word' id='word_1_88' title='bbox 611 1008 717 1040; x_wconf 83' lang='lat' dir='ltr'>sidera</span> <span class='ocrx_word' id='word_1_89' title='bbox 866 1009 928 1042; x_wconf 85' lang='lat' dir='ltr'>2b.</span> <span class='ocrx_word' id='word_1_90' title='bbox 963 1010 1058 1040; x_wconf 87' lang='lat' dir='ltr'>Almo</span> <span class='ocrx_word' id='word_1_91' title='bbox 1084 1009 1163 1050; x_wconf 87' lang='lat' dir='ltr'>Deo,</span> <span class='ocrx_word' id='word_1_92' title='bbox 1190 1010 1242 1050; x_wconf 91' lang='lat' dir='ltr'>qui</span> <span class='ocrx_word' id='word_1_93' title='bbox 1268 1010 1420 1050; x_wconf 80' lang='lat' dir='ltr'>sanguine</span> 
     </span>
     <span class='ocr_line' id='line_1_17' title="bbox 270 1055 1235 1096; baseline 0.001 -9"><span class='ocrx_word' id='word_1_94' title='bbox 270 1060 378 1096; x_wconf 72' lang='lat' dir='ltr'>grates</span> <span class='ocrx_word' id='word_1_95' title='bbox 403 1064 441 1086; x_wconf 85' lang='lat' dir='ltr'>ac</span> <span class='ocrx_word' id='word_1_96' title='bbox 465 1056 655 1095; x_wconf 78' lang='lat' dir='ltr'>praeclaras</span> <span class='ocrx_word' id='word_1_97' title='bbox 961 1055 1031 1088; x_wconf 81' lang='lat' dir='ltr'>fuso</span> <span class='ocrx_word' id='word_1_98' title='bbox 1055 1057 1121 1088; x_wconf 83' lang='lat' dir='ltr'>suis</span> <span class='ocrx_word' id='word_1_99' title='bbox 1147 1057 1235 1091; x_wconf 79' lang='lat' dir='ltr'>viam</span> 
     </span>
    </p>
   </div>
   <div class='ocr_carea' id='block_1_6' title="bbox 637 1122 985 1203">
    <p class='ocr_par' dir='ltr' id='par_1_7' title="bbox 637 1122 985 1203">
     <span class='ocr_line' id='line_1_18' title="bbox 637 1122 985 1162; baseline -0.003 -8"><span class='ocrx_word' id='word_1_100' title='bbox 637 1123 666 1154; x_wconf 89' lang='lat'>3.</span> <span class='ocrx_word' id='word_1_101' title='bbox 708 1123 825 1154; x_wconf 84' lang='lat' dir='ltr'>Pandit</span> <span class='ocrx_word' id='word_1_102' title='bbox 851 1122 985 1162; x_wconf 78' lang='lat' dir='ltr'>claram,</span> 
     </span>
     <span class='ocr_line' id='line_1_19' title="bbox 707 1169 861 1203; baseline 0.013 -2"><span class='ocrx_word' id='word_1_103' title='bbox 707 1169 861 1203; x_wconf 77' lang='lat' dir='ltr'>Alleluia.</span> 
     </span>
    </p>
   </div>
   <div class='ocr_carea' id='block_1_7' title="bbox 632 1228 961 1365">
    <p class='ocr_par' dir='ltr' id='par_1_8' title="bbox 632 1228 961 1365">
     <span class='ocr_line' id='line_1_20' title="bbox 632 1228 807 1260; baseline 0 0"><span class='ocrx_word' id='word_1_104' title='bbox 632 1230 664 1260; x_wconf 87' lang='lat'>4.</span> <span class='ocrx_word' id='word_1_105' title='bbox 702 1228 807 1260; x_wconf 81' lang='lat' dir='ltr'>Dulce</span> 
     </span>
     <span class='ocr_line' id='line_1_21' title="bbox 706 1277 885 1315; baseline 0 -9"><span class='ocrx_word' id='word_1_106' title='bbox 706 1280 738 1306; x_wconf 87' lang='lat' dir='ltr'>et</span> <span class='ocrx_word' id='word_1_107' title='bbox 762 1277 885 1315; x_wconf 78' lang='lat' dir='ltr'>insigne</span> 
     </span>
     <span class='ocr_line' id='line_1_22' title="bbox 705 1320 961 1365; baseline -0.008 -11"><span class='ocrx_word' id='word_1_108' title='bbox 705 1324 797 1355; x_wconf 82' lang='lat' dir='ltr'>nimis</span> <span class='ocrx_word' id='word_1_109' title='bbox 825 1320 961 1365; x_wconf 59' lang='lat' dir='ltr'>lignum,</span> 
     </span>
    </p>
   </div>
   <div class='ocr_carea' id='block_1_8' title="bbox 169 1388 1262 1835">
    <p class='ocr_par' dir='ltr' id='par_1_9' title="bbox 169 1388 1262 1835">
     <span class='ocr_line' id='line_1_23' title="bbox 170 1388 1119 1431; baseline -0.001 -10"><span class='ocrx_word' id='word_1_110' title='bbox 170 1392 202 1422; x_wconf 89' lang='grc'>5.</span> <span class='ocrx_word' id='word_1_111' title='bbox 243 1389 361 1421; x_wconf 80' lang='lat' dir='ltr'>Dulces</span> <span class='ocrx_word' id='word_1_112' title='bbox 387 1388 503 1431; x_wconf 66' lang='lat' dir='ltr'>clavos,</span> <span class='ocrx_word' id='word_1_113' title='bbox 866 1391 895 1422; x_wconf 74' lang='lat'>7.</span> <span class='ocrx_word' id='word_1_114' title='bbox 935 1391 1025 1431; x_wconf 71' lang='lat' dir='ltr'>Quae</span> <span class='ocrx_word' id='word_1_115' title='bbox 1049 1389 1119 1421; x_wconf 86' lang='lat' dir='ltr'>sola</span> 
     </span>
     <span class='ocr_line' id='line_1_24' title="bbox 243 1437 1166 1480; baseline 0 -12"><span class='ocrx_word' id='word_1_116' title='bbox 243 1437 395 1468; x_wconf 87' lang='lat' dir='ltr'>membris</span> <span class='ocrx_word' id='word_1_117' title='bbox 422 1438 540 1469; x_wconf 88' lang='lat' dir='ltr'>sanctis</span> <span class='ocrx_word' id='word_1_118' title='bbox 567 1437 657 1479; x_wconf 85' lang='lat' dir='ltr'>fixos,</span> <span class='ocrx_word' id='word_1_119' title='bbox 934 1438 1029 1480; x_wconf 77' lang='lat' dir='ltr'>fuisti</span> <span class='ocrx_word' id='word_1_120' title='bbox 1056 1438 1166 1477; x_wconf 70' lang='lat' dir='ltr'>(liqna,</span> 
     </span>
     <span class='ocr_line' id='line_1_25' title="bbox 169 1485 1148 1519; baseline -0.002 -1"><span class='ocrx_word' id='word_1_121' title='bbox 169 1487 200 1519; x_wconf 89' lang='lat'>6.</span> <span class='ocrx_word' id='word_1_122' title='bbox 239 1485 363 1517; x_wconf 70' lang='lat' dir='ltr'>Dulcia</span> <span class='ocrx_word' id='word_1_123' title='bbox 934 1487 1012 1517; x_wconf 89' lang='lat' dir='ltr'>mire</span> <span class='ocrx_word' id='word_1_124' title='bbox 1037 1486 1148 1517; x_wconf 81' lang='lat' dir='ltr'>inclita</span> 
     </span>
     <span class='ocr_line' id='line_1_26' title="bbox 290 1534 1063 1572; baseline 0 -8"><span class='ocrx_word' id='word_1_125' title='bbox 290 1534 382 1564; x_wconf 85' lang='lat' dir='ltr'>statis</span> <span class='ocrx_word' id='word_1_126' title='bbox 407 1541 521 1572; x_wconf 87' lang='lat' dir='ltr'>gerens</span> <span class='ocrx_word' id='word_1_127' title='bbox 936 1534 1063 1565; x_wconf 78' lang='lat' dir='ltr'>Ditione</span> 
     </span>
     <span class='ocr_line' id='line_1_27' title="bbox 289 1581 1215 1621; baseline -0.001 -8"><span class='ocrx_word' id='word_1_128' title='bbox 289 1585 385 1621; x_wconf 85' lang='lat' dir='ltr'>atque</span> <span class='ocrx_word' id='word_1_129' title='bbox 410 1581 517 1620; x_wconf 82' lang='lat' dir='ltr'>ferens</span> <span class='ocrx_word' id='word_1_130' title='bbox 933 1583 1020 1621; x_wconf 80' lang='lat' dir='ltr'>pacis</span> <span class='ocrx_word' id='word_1_131' title='bbox 1047 1590 1215 1620; x_wconf 80' lang='lat' dir='ltr'>supernae,</span> 
     </span>
     <span class='ocr_line' id='line_1_28' title="bbox 239 1629 1200 1669; baseline -0.001 -8"><span class='ocrx_word' id='word_1_132' title='bbox 239 1629 394 1662; x_wconf 76' lang='lat' dir='ltr'>Pondera</span> <span class='ocrx_word' id='word_1_133' title='bbox 934 1631 1061 1661; x_wconf 82' lang='lat' dir='ltr'>virtutis</span> <span class='ocrx_word' id='word_1_134' title='bbox 1088 1630 1200 1669; x_wconf 82' lang='lat' dir='ltr'>almae,</span> 
     </span>
     <span class='ocr_line' id='line_1_29' title="bbox 240 1677 1090 1710; baseline -0.001 -1"><span class='ocrx_word' id='word_1_135' title='bbox 240 1686 298 1709; x_wconf 89' lang='lat' dir='ltr'>nec</span> <span class='ocrx_word' id='word_1_136' title='bbox 323 1687 385 1709; x_wconf 93' lang='lat' dir='ltr'>non</span> <span class='ocrx_word' id='word_1_137' title='bbox 415 1677 615 1710; x_wconf 80' lang='lat' dir='ltr'>commercia.</span> <span class='ocrx_word' id='word_1_138' title='bbox 931 1678 1090 1710; x_wconf 76' lang='lat' dir='ltr'>sustinere</span> 
     </span>
     <span class='ocr_line' id='line_1_30' title="bbox 169 1744 1217 1785; baseline -0.002 -8"><span class='ocrx_word' id='word_1_139' title='bbox 169 1746 229 1778; x_wconf 77' lang='lat' dir='ltr'>Sa.</span> <span class='ocrx_word' id='word_1_140' title='bbox 266 1745 387 1785; x_wconf 75' lang='lat' dir='ltr'>Reyem</span> <span class='ocrx_word' id='word_1_141' title='bbox 413 1744 589 1785; x_wconf 76' lang='lat' dir='ltr'>caelorum,</span> <span class='ocrx_word' id='word_1_142' title='bbox 864 1745 925 1777; x_wconf 69' lang='grc' dir='ltr'>δί).</span> <span class='ocrx_word' id='word_1_143' title='bbox 962 1745 1005 1777; x_wconf 79' lang='lat' dir='ltr'>Ec</span> <span class='ocrx_word' id='word_1_144' title='bbox 1032 1744 1217 1777; x_wconf 74' lang='lat' dir='ltr'>Dominum</span> 
     </span>
     <span class='ocr_line' id='line_1_31' title="bbox 265 1793 1262 1835; baseline 0 -11"><span class='ocrx_word' id='word_1_145' title='bbox 265 1794 404 1825; x_wconf 88' lang='lat' dir='ltr'>omnium</span> <span class='ocrx_word' id='word_1_146' title='bbox 431 1801 540 1832; x_wconf 81' lang='lat' dir='ltr'>regum</span> <span class='ocrx_word' id='word_1_147' title='bbox 957 1802 1085 1833; x_wconf 85' lang='lat' dir='ltr'>semper</span> <span class='ocrx_word' id='word_1_148' title='bbox 1111 1793 1262 1835; x_wconf 82' lang='lat' dir='ltr'>sobrium,</span> 
     </span>
    </p>
   </div>
   <div class='ocr_carea' id='block_1_9' title="bbox 630 1861 1155 1998">
    <p class='ocr_par' dir='ltr' id='par_1_10' title="bbox 630 1861 1155 1998">
     <span class='ocr_line' id='line_1_32' title="bbox 630 1861 1155 1901; baseline -0.002 -8"><span class='ocrx_word' id='word_1_149' title='bbox 630 1862 661 1893; x_wconf 87' lang='lat'>9.</span> <span class='ocrx_word' id='word_1_150' title='bbox 702 1861 846 1901; x_wconf 53' lang='lat' dir='ltr'>Animas</span> <span class='ocrx_word' id='word_1_151' title='bbox 875 1870 953 1900; x_wconf 83' lang='lat' dir='ltr'>quas</span> <span class='ocrx_word' id='word_1_152' title='bbox 980 1861 1155 1899; x_wconf 82' lang='lat' dir='ltr'>redemisti,</span> 
     </span>
     <span class='ocr_line' id='line_1_33' title="bbox 701 1908 1053 1942; baseline 0.003 -2"><span class='ocrx_word' id='word_1_153' title='bbox 701 1919 753 1940; x_wconf 83' lang='lat' dir='ltr'>eas</span> <span class='ocrx_word' id='word_1_154' title='bbox 780 1908 892 1940; x_wconf 80' lang='lat' dir='ltr'>sedula</span> <span class='ocrx_word' id='word_1_155' title='bbox 918 1910 1053 1942; x_wconf 85' lang='lat' dir='ltr'>custodi.</span> 
     </span>
     <span class='ocr_line' id='line_1_34' title="bbox 701 1958 942 1998; baseline -0.004 -9"><span class='ocrx_word' id='word_1_156' title='bbox 701 1958 795 1989; x_wconf 82' lang='lat' dir='ltr'>Alme</span> <span class='ocrx_word' id='word_1_157' title='bbox 822 1958 942 1998; x_wconf 78' lang='lat' dir='ltr'>mundi,</span> 
     </span>
    </p>
   </div>
   <div class='ocr_carea' id='block_1_10' title="bbox 170 2025 1397 2115">
    <p class='ocr_par' dir='ltr' id='par_1_11' title="bbox 170 2025 1397 2115">
     <span class='ocr_line' id='line_1_35' title="bbox 170 2025 1397 2066; baseline -0.001 -9"><span class='ocrx_word' id='word_1_158' title='bbox 170 2025 213 2058; x_wconf 89' lang='lat'>10</span> <span class='ocrx_word' id='word_1_159' title='bbox 225 2034 254 2057; x_wconf 88' lang='lat' dir='ltr'>a.</span> <span class='ocrx_word' id='word_1_160' title='bbox 290 2025 509 2066; x_wconf 81' lang='lat' dir='ltr'>Omnipotens,</span> <span class='ocrx_word' id='word_1_161' title='bbox 538 2034 594 2057; x_wconf 87' lang='lat' dir='ltr'>rex</span> <span class='ocrx_word' id='word_1_162' title='bbox 621 2028 760 2064; x_wconf 82' lang='lat' dir='ltr'>aeterne,</span> <span class='ocrx_word' id='word_1_163' title='bbox 863 2025 905 2057; x_wconf 86' lang='lat'>10</span> <span class='ocrx_word' id='word_1_164' title='bbox 916 2025 946 2058; x_wconf 88' lang='lat' dir='ltr'>b.</span> <span class='ocrx_word' id='word_1_165' title='bbox 983 2026 1096 2066; x_wconf 87' lang='lat' dir='ltr'>Populi</span> <span class='ocrx_word' id='word_1_166' title='bbox 1122 2035 1235 2065; x_wconf 87' lang='lat' dir='ltr'>preces</span> <span class='ocrx_word' id='word_1_167' title='bbox 1261 2026 1397 2065; x_wconf 83' lang='lat' dir='ltr'>suscipe,</span> 
     </span>
     <span class='ocr_line' id='line_1_36' title="bbox 286 2071 1356 2115; baseline 0 -9"><span class='ocrx_word' id='word_1_168' title='bbox 286 2071 361 2106; x_wconf 82' lang='lat' dir='ltr'>Iesu</span> <span class='ocrx_word' id='word_1_169' title='bbox 388 2072 564 2115; x_wconf 80' lang='lat' dir='ltr'>Nazarene‚</span> <span class='ocrx_word' id='word_1_170' title='bbox 981 2075 1120 2106; x_wconf 86' lang='lat' dir='ltr'>clemens</span> <span class='ocrx_word' id='word_1_171' title='bbox 1146 2084 1183 2106; x_wconf 85' lang='lat' dir='ltr'>ac</span> <span class='ocrx_word' id='word_1_172' title='bbox 1210 2074 1356 2115; x_wconf 88' lang='lat' dir='ltr'>benigne.</span> 
     </span>
    </p>
   </div>
   <div class='ocr_carea' id='block_1_11' title="bbox 165 2158 1494 2467">
    <p class='ocr_par' dir='ltr' id='par_1_12' title="bbox 165 2158 1494 2467">
     <span class='ocr_line' id='line_1_37' title="bbox 243 2158 1493 2194; baseline 0.002 -8"><span class='ocrx_word' id='word_1_173' title='bbox 243 2159 331 2194; x_wconf 88' lang='lat' dir='ltr'>Trop.</span> <span class='ocrx_word' id='word_1_174' title='bbox 363 2166 416 2185; x_wconf 78' lang='lat' dir='ltr'>mS.</span> <span class='ocrx_word' id='word_1_175' title='bbox 445 2158 654 2186; x_wconf 83' lang='lat' dir='ltr'>Novaliciense</span> <span class='ocrx_word' id='word_1_176' title='bbox 681 2167 756 2187; x_wconf 83' lang='lat' dir='ltr'>saec.</span> <span class='ocrx_word' id='word_1_177' title='bbox 789 2159 830 2187; x_wconf 84' lang='lat'>11.</span> <span class='ocrx_word' id='word_1_178' title='bbox 872 2159 943 2188; x_wconf 75' lang='lat' dir='ltr'>cod.</span> <span class='ocrx_word' id='word_1_179' title='bbox 965 2159 1109 2188; x_wconf 86' lang='lat' dir='ltr'>Oxonien.</span> <span class='ocrx_word' id='word_1_180' title='bbox 1131 2161 1232 2188; x_wconf 87' lang='lat' dir='ltr'>Douce</span> <span class='ocrx_word' id='word_1_181' title='bbox 1260 2158 1325 2187; x_wconf 77' lang='lat'>222.</span> <span class='ocrx_word' id='word_1_182' title='bbox 1353 2174 1387 2178; x_wconf 91' lang='lat'>—</span> <span class='ocrx_word' id='word_1_183' title='bbox 1420 2159 1448 2193; x_wconf 80' lang='lat'>1,</span> <span class='ocrx_word' id='word_1_184' title='bbox 1475 2158 1493 2188; x_wconf 86' lang='lat'>3</span> 
     </span>
     <span class='ocr_line' id='line_1_38' title="bbox 167 2194 1494 2233; baseline 0.001 -8"><span class='ocrx_word' id='word_1_185' title='bbox 167 2200 273 2225; x_wconf 85' lang='lat' dir='ltr'>cuncta</span> <span class='ocrx_word' id='word_1_186' title='bbox 304 2197 396 2233; x_wconf 83' lang='lat' dir='ltr'>ligna.</span> <span class='ocrx_word' id='word_1_187' title='bbox 430 2211 466 2215; x_wconf 93' lang='lat'>—</span> <span class='ocrx_word' id='word_1_188' title='bbox 497 2194 556 2229; x_wconf 83' lang='lat' dir='ltr'>2a,</span> <span class='ocrx_word' id='word_1_189' title='bbox 588 2195 605 2224; x_wconf 83' lang='lat'>2</span> <span class='ocrx_word' id='word_1_190' title='bbox 635 2198 796 2232; x_wconf 83' lang='lat' dir='ltr'>praeclara.</span> <span class='ocrx_word' id='word_1_191' title='bbox 827 2212 864 2217; x_wconf 88' lang='lat'><strong>—</strong></span> <span class='ocrx_word' id='word_1_192' title='bbox 893 2197 952 2230; x_wconf 72' lang='lat'>21),</span> <span class='ocrx_word' id='word_1_193' title='bbox 985 2197 1002 2226; x_wconf 87' lang='grc'>2</span> <span class='ocrx_word' id='word_1_194' title='bbox 1030 2200 1088 2226; x_wconf 84' lang='lat' dir='ltr'>via.</span> <span class='ocrx_word' id='word_1_195' title='bbox 1117 2213 1154 2217; x_wconf 76' lang='lat'>—</span> <span class='ocrx_word' id='word_1_196' title='bbox 1181 2197 1198 2226; x_wconf 86' lang='lat'>3</span> <span class='ocrx_word' id='word_1_197' title='bbox 1229 2200 1318 2226; x_wconf 81' lang='lat' dir='ltr'>clara.</span> <span class='ocrx_word' id='word_1_198' title='bbox 1347 2213 1383 2217; x_wconf 83' lang='lat'>—</span> <span class='ocrx_word' id='word_1_199' title='bbox 1413 2197 1443 2230; x_wconf 80' lang='lat'>7,</span> <span class='ocrx_word' id='word_1_200' title='bbox 1475 2198 1494 2226; x_wconf 87' lang='grc'>4</span> 
     </span>
     <span class='ocr_line' id='line_1_39' title="bbox 165 2232 1492 2272; baseline 0 -8"><span class='ocrx_word' id='word_1_201' title='bbox 165 2237 315 2264; x_wconf 85' lang='lat' dir='ltr'>Dictione.</span> <span class='ocrx_word' id='word_1_202' title='bbox 343 2252 380 2255; x_wconf 97' lang='lat'><strong>—</strong></span> <span class='ocrx_word' id='word_1_203' title='bbox 408 2232 443 2268; x_wconf 87' lang='lat'>9,</span> <span class='ocrx_word' id='word_1_204' title='bbox 470 2232 488 2262; x_wconf 87' lang='grc'><strong>2</strong></span> <span class='ocrx_word' id='word_1_205' title='bbox 515 2238 545 2262; x_wconf 83' lang='lat' dir='ltr'>et</span> <span class='ocrx_word' id='word_1_206' title='bbox 570 2243 588 2262; x_wconf 86' lang='lat' dir='ltr'>a</span> <span class='ocrx_word' id='word_1_207' title='bbox 615 2235 726 2263; x_wconf 83' lang='lat' dir='ltr'>sedula.</span> <span class='ocrx_word' id='word_1_208' title='bbox 747 2253 784 2257; x_wconf 89' lang='lat'><strong>—</strong></span> <span class='ocrx_word' id='word_1_209' title='bbox 805 2238 921 2272; x_wconf 87' lang='lat' dir='ltr'>Tropus</span> <span class='ocrx_word' id='word_1_210' title='bbox 948 2238 1021 2265; x_wconf 80' lang='lat' dir='ltr'>iiber</span> <span class='ocrx_word' id='word_1_211' title='bbox 1049 2237 1105 2264; x_wconf 86' lang='lat' dir='ltr'>den</span> <span class='ocrx_word' id='word_1_212' title='bbox 1133 2238 1243 2265; x_wconf 80' lang='lat' dir='ltr'>Versus</span> <span class='ocrx_word' id='word_1_213' title='bbox 1270 2237 1492 2264; x_wconf 80' lang='lat' dir='ltr'>Alleluiaticus:</span> 
     </span>
     <span class='ocr_line' id='line_1_40' title="bbox 167 2273 1493 2311; baseline 0.002 -9"><span class='ocrx_word' id='word_1_214' title='bbox 167 2274 373 2311; x_wconf 86' lang='lat' dir='ltr'>„Alleluia.</span> <span class='ocrx_word' id='word_1_215' title='bbox 432 2273 553 2301; x_wconf 80' lang='lat' dir='ltr'>Dulce</span> <span class='ocrx_word' id='word_1_216' title='bbox 601 2273 760 2310; x_wconf 84' lang='lat' dir='ltr'>lignum,</span> <span class='ocrx_word' id='word_1_217' title='bbox 809 2276 942 2304; x_wconf 84' lang='lat' dir='ltr'>dulces</span> <span class='ocrx_word' id='word_1_218' title='bbox 990 2277 1140 2309; x_wconf 83' lang='lat' dir='ltr'>clavos,</span> <span class='ocrx_word' id='word_1_219' title='bbox 1188 2277 1320 2304; x_wconf 86' lang='lat' dir='ltr'>dulcia</span> <span class='ocrx_word' id='word_1_220' title='bbox 1368 2276 1493 2304; x_wconf 84' lang='lat' dir='ltr'>ferens</span> 
     </span>
     <span class='ocr_line' id='line_1_41' title="bbox 165 2312 1494 2351; baseline 0.001 -10"><span class='ocrx_word' id='word_1_221' title='bbox 165 2313 343 2350; x_wconf 84' lang='lat' dir='ltr'>pondera,</span> <span class='ocrx_word' id='word_1_222' title='bbox 371 2320 464 2349; x_wconf 85' lang='lat' dir='ltr'>quae</span> <span class='ocrx_word' id='word_1_223' title='bbox 493 2313 573 2340; x_wconf 87' lang='lat' dir='ltr'>sola</span> <span class='ocrx_word' id='word_1_224' title='bbox 599 2312 710 2340; x_wconf 81' lang='lat' dir='ltr'>fuisti</span> <span class='ocrx_word' id='word_1_225' title='bbox 736 2314 853 2351; x_wconf 86' lang='lat' dir='ltr'>digna</span> <span class='ocrx_word' id='word_1_226' title='bbox 881 2316 1074 2343; x_wconf 79' lang='lat' dir='ltr'>sustinere</span> <span class='ocrx_word' id='word_1_227' title='bbox 1102 2324 1223 2351; x_wconf 84' lang='lat' dir='ltr'>regem</span> <span class='ocrx_word' id='word_1_228' title='bbox 1250 2315 1435 2343; x_wconf 83' lang='lat' dir='ltr'>caelorum</span> <span class='ocrx_word' id='word_1_229' title='bbox 1458 2318 1494 2343; x_wconf 89' lang='lat' dir='ltr'>et</span> 
     </span>
     <span class='ocr_line' id='line_1_42' title="bbox 165 2349 1494 2390; baseline 0.001 -10"><span class='ocrx_word' id='word_1_230' title='bbox 165 2353 372 2380; x_wconf 88' lang='lat' dir='ltr'>Dominum.</span> <span class='ocrx_word' id='word_1_231' title='bbox 401 2349 601 2379; x_wconf 85' lang='lat' dir='ltr'>Alleluia.“</span> <span class='ocrx_word' id='word_1_232' title='bbox 643 2351 734 2380; x_wconf 82' lang='lat' dir='ltr'>Diese</span> <span class='ocrx_word' id='word_1_233' title='bbox 753 2353 855 2380; x_wconf 88' lang='lat' dir='ltr'>Worte</span> <span class='ocrx_word' id='word_1_234' title='bbox 876 2354 942 2380; x_wconf 79' lang='lat' dir='ltr'>sind</span> <span class='ocrx_word' id='word_1_235' title='bbox 965 2355 994 2380; x_wconf 87' lang='lat' dir='ltr'>in</span> <span class='ocrx_word' id='word_1_236' title='bbox 1015 2354 1072 2381; x_wconf 85' lang='lat' dir='ltr'>den</span> <span class='ocrx_word' id='word_1_237' title='bbox 1093 2355 1299 2390; x_wconf 84' lang='lat' dir='ltr'>tropierenden</span> <span class='ocrx_word' id='word_1_238' title='bbox 1320 2355 1413 2388; x_wconf 77' lang='lat' dir='ltr'>Text,</span> <span class='ocrx_word' id='word_1_239' title='bbox 1441 2355 1494 2381; x_wconf 81' lang='lat' dir='ltr'>mit</span> 
     </span>
     <span class='ocr_line' id='line_1_43' title="bbox 165 2389 1493 2425; baseline 0.002 -7"><span class='ocrx_word' id='word_1_240' title='bbox 165 2391 228 2418; x_wconf 84' lang='lat' dir='ltr'>ihm</span> <span class='ocrx_word' id='word_1_241' title='bbox 247 2391 391 2422; x_wconf 79' lang='lat' dir='ltr'>reimend,</span> <span class='ocrx_word' id='word_1_242' title='bbox 412 2390 580 2417; x_wconf 77' lang='lat' dir='ltr'>verwoben.</span> <span class='ocrx_word' id='word_1_243' title='bbox 599 2404 635 2409; x_wconf 52' lang='grc' dir='ltr'>ν-</span> <span class='ocrx_word' id='word_1_244' title='bbox 651 2390 709 2418; x_wconf 74' lang='lat' dir='ltr'>Str.</span> <span class='ocrx_word' id='word_1_245' title='bbox 732 2389 806 2420; x_wconf 83' lang='lat' dir='ltr'>l—3</span> <span class='ocrx_word' id='word_1_246' title='bbox 825 2391 899 2419; x_wconf 73' lang='lat' dir='ltr'>baut</span> <span class='ocrx_word' id='word_1_247' title='bbox 912 2393 975 2420; x_wconf 80' lang='lat' dir='ltr'>sich</span> <span class='ocrx_word' id='word_1_248' title='bbox 991 2393 1042 2420; x_wconf 78' lang='lat' dir='ltr'>ans</span> <span class='ocrx_word' id='word_1_249' title='bbox 1053 2393 1125 2420; x_wconf 79' lang='lat' dir='ltr'>iiber</span> <span class='ocrx_word' id='word_1_250' title='bbox 1143 2393 1331 2425; x_wconf 74' lang='lat' dir='ltr'>Alieluia,</span> <span class='ocrx_word' id='word_1_251' title='bbox 1351 2393 1411 2420; x_wconf 80' lang='lat' dir='ltr'>und</span> <span class='ocrx_word' id='word_1_252' title='bbox 1428 2393 1493 2421; x_wconf 80' lang='lat' dir='ltr'>dem</span> 
     </span>
     <span class='ocr_line' id='line_1_44' title="bbox 166 2428 1493 2467; baseline 0.001 -9"><span class='ocrx_word' id='word_1_253' title='bbox 166 2429 382 2466; x_wconf 85' lang='lat' dir='ltr'>entsprechend</span> <span class='ocrx_word' id='word_1_254' title='bbox 407 2428 496 2456; x_wconf 83' lang='lat' dir='ltr'>endet</span> <span class='ocrx_word' id='word_1_255' title='bbox 511 2428 580 2464; x_wconf 88' lang='lat' dir='ltr'>jede</span> <span class='ocrx_word' id='word_1_256' title='bbox 603 2428 739 2465; x_wconf 74' lang='lat' dir='ltr'>Strophe,</span> <span class='ocrx_word' id='word_1_257' title='bbox 760 2433 847 2459; x_wconf 85' lang='lat' dir='ltr'>meist</span> <span class='ocrx_word' id='word_1_258' title='bbox 867 2431 941 2458; x_wconf 86' lang='lat' dir='ltr'>auch</span> <span class='ocrx_word' id='word_1_259' title='bbox 958 2431 1043 2467; x_wconf 85' lang='lat' dir='ltr'>jeder</span> <span class='ocrx_word' id='word_1_260' title='bbox 1063 2431 1146 2464; x_wconf 83' lang='lat' dir='ltr'>Vers,</span> <span class='ocrx_word' id='word_1_261' title='bbox 1168 2433 1220 2459; x_wconf 80' lang='lat' dir='ltr'>auf</span> <span class='ocrx_word' id='word_1_262' title='bbox 1237 2439 1266 2461; x_wconf 87' lang='lat' dir='ltr'>a.</span> <span class='ocrx_word' id='word_1_263' title='bbox 1308 2432 1367 2459; x_wconf 84' lang='lat' dir='ltr'>Fiir</span> <span class='ocrx_word' id='word_1_264' title='bbox 1387 2431 1445 2459; x_wconf 89' lang='lat' dir='ltr'>deu</span> <span class='ocrx_word' id='word_1_265' title='bbox 1470 2433 1493 2460; x_wconf 88' lang='lat'>1.</span> 
     </span>
    </p>
   </div>
  </div>
 </body>
</html>
