1653 2689
583 207 654 238 672.
685 209 735 239 De
756 208 868 240 Beata.
889 209 1001 239 Maria
1023 209 1062 240 V.

165 278 226 313 la.
259 277 346 310 Pura
370 277 594 318 pum-pariens,
855 279 916 313 1b.
947 280 1010 312 Per
1035 288 1127 319 quam
1155 280 1247 312 nobis
1273 281 1386 314 Oriens

306 325 415 366 Virgo,
442 326 534 366 virga
559 325 687 367 fertilis,
995 327 1045 360 Ex
1071 327 1137 360 alto
1163 328 1299 360 visibilis

160 393 222 426 22.
256 391 394 424 Exstitit
420 392 574 432 esuriens,
852 394 916 427 ab.
946 393 1010 426 Pro
1036 394 1177 434 peccatis
1203 396 1353 436 moriens,

307 439 448 479 Palpans
474 442 506 471 et
530 440 714 482 palpabilis,
994 442 1105 474 Dulcis
1132 446 1164 474 et
1187 443 1345 482 amabilis⁷

618 509 651 540 3.
677 509 742 541 Ora
766 517 824 551 pro
850 508 953 541 nobis.

234 572 318 600 Miss.
340 573 572 601 Constanciense
592 573 662 608 imp.
683 575 839 610 Rotomagi
864 573 945 602 1524.

581 667 651 697 673.
684 668 733 697 De
755 668 866 698 Beata
887 668 998 698 Maria
1018 669 1057 699 V.

160 737 220 769 la.
255 737 337 778 Ave,
363 737 461 778 plena
486 738 600 780 gratia,
850 739 911 772 lb.
943 739 1023 777 Ave,
1050 739 1104 770 lux
1129 739 1294 779 primaria,

254 784 463 818 Peccatorum
489 786 593 828 venia,
946 786 1093 819 Paradisi
1121 788 1233 829 gloria,

301 833 326 866 Ο
352 833 469 868 Maria.
993 835 1017 867 O
1045 834 1159 869 Maria,

158 895 218 928 2a.
254 897 336 935 Ave,
363 896 440 928 solis
466 895 591 937 solium,
849 897 912 929 2b.
943 897 1023 936 Ave,
1052 906 1188 928 vernans
1215 897 1324 939 lilium,

253 942 375 976 Salutis
401 944 587 985 triclinium,
944 944 1004 976 Dei
1032 945 1236 986 domicilium,

302 992 327 1024 Ο
353 991 468 1026 Maria.
991 993 1016 1024 Ο
1043 992 1158 1025 Maria.

157 1054 217 1088 3a.
252 1054 334 1096 Ave,
361 1053 446 1084 vitae
473 1053 646 1092 vasculum,
849 1053 910 1087 3b.
942 1054 1022 1093 Ave,
1051 1054 1129 1085 caeli
1156 1054 1330 1093 speculum,

254 1102 393 1134 Pudoris
419 1101 627 1142 signaculum,
945 1102 1037 1134 Salus
1067 1111 1184 1133 sanans
1211 1101 1382 1141 saeculum,

299 1149 325 1181 Ο
350 1149 467 1182 Maria.
989 1150 1014 1181 Ο
1041 1149 1156 1182 Maria.

231 1215 316 1243 Miss.
340 1215 570 1243 Constanciense
592 1217 659 1250 imp.
684 1216 841 1251 Rotomagi
866 1213 947 1242 1557.

576 1308 645 1338 674.
676 1309 726 1338 De
746 1309 858 1339 Beata
880 1308 992 1338 Maria
1012 1309 1052 1339 V.

155 1379 213 1412 la.
250 1378 406 1412 Generosi
431 1379 583 1418 germinis
844 1378 904 1411 1b.
937 1378 1040 1417 Super
1065 1376 1174 1409 florem
1201 1378 1332 1417 spiritus

248 1426 299 1459 De
325 1427 436 1459 radice
459 1427 592 1466 virginis
938 1426 1076 1457 Veniens
1104 1426 1256 1457 divinitus

297 1475 374 1507 Flos
403 1484 538 1507 vernans
563 1475 739 1514 processit3
986 1475 1120 1506 Sanctus
1147 1472 1327 1513 requiescit.

153 1538 214 1570 2a.
249 1537 446 1569 Benedictus
472 1537 556 1569 filius
844 1536 906 1570 2b.
938 1535 1113 1568 Benedicta
1142 1536 1264 1575 virgula

299 1585 396 1617 Flore
425 1586 619 1625 designatus,
987 1584 1165 1615 Procreans
1195 1583 1278 1614 hunc
1303 1583 1425 1624 florem⁷

249 1634 316 1673 Quo
343 1633 461 1674 gaudet
485 1633 648 1673 angelicus
939 1632 999 1670 Qui
1025 1634 1132 1664 virens
1158 1640 1217 1672 per
1243 1632 1370 1663 saecula

297 1681 419 1713 Chorus
444 1681 589 1715 satiatus,
987 1681 1124 1719 Fragrat
1150 1681 1183 1712 in
1209 1680 1351 1713 odorem.

228 1747 318 1776 Grad.
338 1756 392 1775 ms.
406 1747 594 1775 Eboracense
616 1755 691 1774 saec.
715 1745 760 1774 15.
780 1748 821 1774 in.
856 1746 928 1774 Cod.
943 1746 1086 1774 Oxonien.
1103 1746 1187 1773 Bodl.
1202 1746 1267 1773 Lat.
1289 1746 1332 1771 lit.
1355 1746 1372 1773 b
1395 1743 1421 1771 5.
1436 1761 1474 1765 —

151 1783 203 1819 21),
225 1785 244 1813 4
264 1786 394 1822 Flagrat.

572 1840 641 1871 675.
672 1841 722 1872 De
743 1840 862 1871 sancto
885 1840 1048 1871 Adriano.

153 1913 214 1946 la.
248 1911 392 1944 Laudem
418 1912 611 1951 permixtam
638 1911 746 1944 canori
844 1911 904 1944 lb.
936 1911 1047 1943 Hostis
1073 1911 1177 1950 plebis
1204 1910 1377 1952 defensori,

294 1960 411 1993 Omnes
438 1960 548 1992 demus
573 1960 765 1992 unanimiter
985 1959 1079 1990 Illum
1107 1964 1274 1998 poscentes
1296 1959 1468 2001 humiliter⁷

150 2026 211 2058 Za.
247 2023 353 2063 Hunc,
381 2022 434 2062 qui
460 2022 544 2062 regis
570 2024 645 2054 nata
670 2022 746 2054 iecit
842 2021 903 2056 2b.
934 2021 1130 2061 Morbosque
1158 2030 1283 2054 cessare
1308 2021 1393 2058 fecit.

225 2091 311 2117 Miss.
331 2089 549 2125 Rotomagense
570 2089 640 2123 imp.
660 2088 785 2115 Parisiis
807 2086 890 2116 1527.
912 2103 945 2107 —
970 2086 1013 2115 2a
1034 2090 1073 2115 ist
1093 2088 1230 2115 sichtlich
1251 2088 1395 2116 verderbt.

569 2182 638 2212 676.
669 2182 719 2212 De
741 2184 861 2213 sancta
880 2182 1049 2213 Barbara.

427 2254 453 2288 Ο
479 2253 601 2288 Christi
626 2261 753 2292 sponsa,
781 2253 911 2285 caelesti
937 2254 1085 2295 praedita
1110 2253 1191 2294 luce,

473 2303 523 2335 Da
548 2300 640 2333 nobis
666 2310 817 2340 sponsum
843 2302 1014 2341 pacificare
1041 2305 1128 2333 tuum

473 2351 517 2383 Et
544 2349 744 2390 congaudere
769 2349 936 2382 luciditate
962 2354 1026 2383 tua.

220 2423 304 2450 Miss.
326 2421 545 2456 Rotomagense
569 2417 639 2451 imp.
660 2416 786 2443 Parisiis
808 2415 890 2444 1527.

201 2472 335 2500 Blume,
357 2469 437 2499 'ri-opi
455 2467 616 2493 Graduales.
644 2465 681 2489 ΙΙ,
1259 2463 1296 2492 22
