1653 2689
762 157 1022 193 —300—

343 254 375 286 3.
403 254 439 286 In
472 263 534 295 quo
559 263 681 286 summa
707 254 792 285 salus
818 262 891 294 spes
917 256 964 284 est
989 257 1023 284 et
1045 251 1139 284 firma
1163 252 1286 295 salutis,

467 299 587 336 ΙΙΙαῃηα
608 302 652 329 est
672 299 772 337 gloria
793 299 857 328 eius
878 298 912 326 in
933 297 1066 327 sulutari
1084 299 1137 326 tuo
1157 303 1212 327 etc.

311 376 400 412 Trop.
427 387 480 405 ms.
508 378 712 405 Wintoniense
737 385 811 404 saec.
848 373 892 403 10.
919 384 964 403 ex.
1005 375 1074 404 eod.
1095 376 1239 404 Oxonien.
1262 375 1346 404 Bodl.
1368 374 1434 404 775.
1453 375 1488 404 A.
1508 390 1547 394 —

235 414 324 450 Trop.
347 423 398 442 ms.
420 416 625 443 wintoniense
649 424 724 442 saec.
751 414 795 442 11.
826 414 896 442 Cod.
917 414 993 442 Coll.
1013 415 1099 450 Corp.
1120 413 1231 442 Christi
1245 413 1466 450 Cantabrigien.
1479 411 1545 441 473.

236 453 273 480 B.
294 468 332 472 —
345 454 432 490 Trop.
454 463 505 481 ms.
520 454 727 481 Glastoniense
746 454 769 485 (ἶ)
787 453 1008 486 Cantuariense)
1027 461 1103 480 saec.
1127 451 1171 480 11.
1185 461 1230 480 ex.
1242 451 1283 487 (et
1298 449 1354 486 12.)
1383 452 1454 481 eod.
1468 452 1546 480 Lon·

238 491 336 519 dinen.
358 492 452 528 Calig.
467 494 490 519 A
506 492 585 519 XIV.
601 494 632 520 C.
653 507 691 510 —
711 492 746 518 111
760 491 782 518 C
803 491 847 518 als
869 491 904 518 de
920 492 1075 518 Communi
1089 491 1237 526 Martyris.
1259 505 1297 509 —
1309 488 1328 517 2
1342 490 1469 527 benigno
1483 490 1544 518 AB.

648 623 717 652 581.
750 623 787 652 ln
809 623 919 654 sancti
939 622 1130 654 Laurentii.

342 712 372 743 1.
400 711 498 743 Grata
525 711 593 742 Deo
620 712 749 742 nimium
775 717 848 744 sunt
873 712 952 743 haec
977 713 1129 744 libamina
1155 708 1292 744 su‘mmo:

459 756 617 792 Confessio
641 759 666 784 et
682 756 880 793 pulchritudo
901 756 933 784 in
955 760 1117 793 conspectu
1137 756 1220 792 εἰπε,-

341 799 371 828 2.
398 795 458 828 Est
484 797 564 827 odor
589 796 640 828 hie
666 797 772 828 suavis
799 798 990 830 Laurentius
1015 797 1088 838 igne
1115 802 1284 836 crematus,

457 842 605 870 summitas
627 845 652 870 et
673 842 897 878 rna-qnifieeutia
918 843 952 870 in
972 842 1215 879 sanctificatione
1235 843 1308 872 eius.

338 882 369 913 3.
397 881 562 913 Ecclesiae
588 884 664 923 nati,
693 884 844 915 novitatis
869 883 988 915 honore
1013 884 1161 923 nitentes,

456 926 579 955 Cantate
600 926 734 955 Domino
756 928 907 956 musteum
927 936 1047 961 uorum,

334 969 367 998 4.
394 966 453 998 Est
479 969 625 1007 quoniam
652 978 792 1010 magnus,
821 969 991 1001 laudabilis
1018 975 1050 1000 et
1073 969 1276 1010 metuendus,

455 1015 572 1040 cantate
593 1014 628 1047 ei,
649 1013 746 1041 omnis
768 1016 857 1042 terra.

302 1089 389 1123 Trop.
419 1099 469 1115 ms.
497 1090 701 1118 Wintoniense
729 1099 803 1118 saec.
834 1090 876 1119 10.
904 1100 947 1118 ex.
989 1092 1059 1120 cod.
1084 1092 1228 1119 Oxonien.
1251 1091 1334 1119 Bodl.
1356 1091 1420 1120 775.
1441 1093 1475 1120 A.
1498 1107 1534 1112 —

229 1127 318 1162 Trop.
340 1136 392 1153 ms.
414 1129 618 1156 Wintoniense
640 1138 715 1156 saec.
740 1128 781 1155 11.
813 1130 883 1157 Cod.
905 1129 980 1156 0011.
1001 1131 1086 1165 Corp.
1102 1129 1212 1157 Christi
1227 1131 1448 1166 Cantabrigieu.
1468 1129 1535 1159 473.

228 1165 261 1191 Β.
285 1180 322 1183 —
342 1165 430 1201 Trop.
452 1175 504 1192 ms.
526 1166 718 1194 Vedastinum
740 1176 813 1195 saec.
838 1166 880 1194 11.
912 1167 980 1195 Cod.
997 1169 1182 1196 Cameracen.
1204 1167 1241 1195 76
1260 1167 1328 1201 (75.)
1342 1169 1374 1196 C.
1396 1170 1537 1205 —Ttop.

228 1212 281 1229 ms.
304 1204 333 1230 S.
354 1204 466 1230 Arnulfi
487 1205 628 1232 Metensis
649 1214 724 1231 saec.
749 1203 791 1233 12.
816 1208 854 1232 in.
891 1206 960 1233 Cod.
981 1208 1088 1234 Meten.
1109 1204 1175 1233 452.
1191 1207 1227 1234 D.
1248 1221 1287 1224 —
1307 1204 1325 1232 2
1346 1206 1393 1234 hic
1415 1208 1534 1235 salvans

225 1242 403 1268 Laurentius
432 1244 467 1268 D.
489 1257 523 1261 —
546 1241 564 1268 3
593 1244 694 1270 matris
721 1246 766 1275 (st.
794 1246 866 1277 nati)
886 1246 919 1270 A.
940 1259 975 1263 —
997 1243 1016 1271 4
1045 1244 1117 1271 fehlt
1138 1244 1178 1278 A,
1206 1246 1246 1272 ist
1266 1246 1297 1271 iu
1317 1245 1341 1272 Β
1363 1246 1534 1282 eingeleitet

223 1280 277 1306 mit
298 1279 435 1314 „Aliter‘ffi

635 1373 703 1403 532.
738 1374 776 1402 In
797 1374 908 1404 sancti
929 1375 1113 1405 Martialis.

332 1452 362 1482 1.
390 1450 569 1482 Martialem
597 1452 749 1483 Dominus
776 1453 906 1485 roborat
932 1454 1088 1486 Davidiee
1115 1463 1285 1494 promens:

448 1495 566 1524 Veritus
589 1505 660 1531 mea,

330 1537 359 1568 2.
386 1536 463 1575 Pax,
490 1537 669 1576 benignitas
694 1542 789 1576 atque
815 1539 947 1570 victoria

448 1584 474 1609 et
496 1581 702 1611 misericordia
723 1591 787 1611 mea
808 1592 874 1611 cum
897 1584 974 1620 2'1280,

333 1623 364 1654 3.
390 1623 559 1653 Asomatas
586 1623 678 1654 sortis
704 1624 869 1662 superabit
893 1633 1007 1667 nempe
1032 1629 1177 1658 catervas

446 1670 472 1694 et
492 1667 525 1694 in
547 1669 667 1696 nomine
688 1676 748 1696 meo
770 1669 953 1697 exaltabitur
973 1678 1070 1700 cornu
1092 1671 1166 1700 eius.

329 1708 362 1740 4.
388 1706 450 1738 Hic
475 1708 549 1746 quia
574 1709 748 1746 permansit
774 1718 901 1751 semper
925 1711 1002 1742 mihi
1027 1716 1132 1742 mente
1157 1712 1275 1754 fidelis,

449 1751 662 1782 Misericordia
683 1758 738 1782 etc.

295 1839 382 1873 Trop.
409 1848 462 1866 ms.
490 1839 681 1868 Martialense
709 1849 786 1868 saec,
816 1841 858 1869 10.
900 1843 968 1870 Cod.
990 1844 1118 1871 Parisin.
1142 1843 1223 1873 1084.
1244 1847 1279 1873 A.
1301 1861 1338 1866 —
1358 1849 1446 1884 Trop.
1475 1858 1527 1876 ms.

217 1877 409 1904 Martialeuse
435 1886 510 1904 saec.
542 1876 585 1904 11.
612 1880 651 1905 in.
692 1879 763 1906 Cod.
785 1881 911 1907 Parisin.
935 1880 1016 1909 1121.
1038 1883 1069 1909 Β.
1091 1897 1127 1901 —-
1147 1883 1235 1920 Trop.
1262 1894 1315 1912 ωε.
1336 1885 1528 1915 Martialense

223 1924 298 1942 saec.
323 1914 366 1942 11.
400 1915 469 1942 Cod.
491 1916 614 1943 Parisin.
636 1915 700 1944 909.
722 1918 753 1944 C.
774 1932 811 1936 —
829 1920 916 1954 Trop.
941 1929 993 1947 ms.
1015 1922 1045 1948 S.
1067 1921 1188 1949 Martini
1208 1923 1430 1952 Lemovicensis
1451 1934 1528 1953 saec.

223 1953 267 1981 11.
295 1955 334 1980 in.
375 1954 446 1981 Cod.
466 1954 592 1992 Pax-isin.
617 1953 697 1982 1120.
719 1955 756 1982 D.
776 1970 813 1975 ψ-
833 1957 921 1992 Trop.
942 1967 994 1986 ms.
1016 1961 1045 1986 δ.
1066 1959 1188 1987 Martini
1209 1962 1431 1990 Lemovicensis
1453 1972 1528 1991 saec.

221 1991 265 2018 11.
307 1991 376 2018 Cod.
407 1993 532 2019 Par-isin.
563 1990 626 2020 587.
647 1993 682 2020 Ε.
711 2008 748 2011 -
772 1995 858 2030 Trop.
888 2005 939 2023 ms.
961 1998 990 2025 S.
1018 1997 1120 2024 Atedii
1142 1998 1360 2028 Lemovicensis
1382 2010 1459 2030 saec.
1483 2001 1527 2030 11.

219 2029 288 2057 cod.
309 2031 435 2058 Parisiu.
457 2028 521 2058 903.
543 2031 573 2057 F.
595 2046 632 2049 —
647 2032 734 2067 Trop.
756 2041 808 2059 ms.
824 2035 853 2061 S.
869 2035 1027 2070 Augustini
1043 2036 1263 2064 Lemovicensis
1285 2047 1361 2066 saec.
1378 2039 1424 2068 11.
1454 2041 1526 2069 Cod.

216 2069 344 2096 Par-isin.
371 2067 453 2096 1119.
475 2068 509 2095 G.
530 2083 567 2086 —
597 2069 610 2096 1
638 2070 806 2105 prophetice
828 2071 874 2103 (st.
895 2073 1048 2107 Davidice)
1066 2072 1156 2105 BCG;
1184 2076 1329 2104 Davidice
1356 2078 1430 2106 fehlt
1448 2079 1527 2113 (weil

217 2108 283 2134 eine
296 2107 409 2141 Liicke)
422 2109 456 2134 A.
477 2123 515 2126 —
535 2105 553 2133 3
567 2107 630 2134 Has
646 2112 758 2135 ornatas
774 2109 796 2136 F
809 2109 975 2143 (Asomatus
990 2112 1120 2139 offenbar
1135 2114 1183 2140 ein
1197 2115 1366 2144 Gracismus
1377 2129 1415 2139 =
1425 2119 1526 2146 Incor-

216 2154 331 2181 potem,
353 2146 515 2180 spiritalis).
536 2160 574 2163 —
594 2145 611 2173 4
632 2146 703 2173 fehlt
724 2148 807 2175 BCF.

626 2278 694 2308 5133.
726 2278 765 2307 In
785 2280 897 2310 sancti
920 2280 1106 2316 Martialis.

214 2358 272 2390 la.
312 2356 439 2389 Christo
465 2357 608 2397 egregias
632 2357 766 2389 libemus
899 2359 959 2393 lb.
994 2363 1166 2405 Martialis,
1192 2366 1361 2400 redimitus
1385 2369 1502 2409 sertis3

306 2405 394 2442 odas,
423 2406 473 2437 cui
499 2405 620 2437 residet
645 2406 746 2438 almus
762 2450 786 2479 V
990 2415 1071 2443 teste
1097 2420 1134 2444 eo
1160 2414 1265 2446 canite
1289 2423 1416 2448 omnes:

787 2453 879 2482 eritas
900 2462 972 2490 mea,
