1653 2689
719 123 956 158 -75-

539 225 609 257 145.
638 225 678 256 In
698 225 924 256 Dedicationc
944 224 1130 256 Ecclesiae.

312 301 343 335 1.
370 302 544 343 Angelicos
569 303 755 343 patriarcha
780 304 894 336 choros
920 304 995 335 olim
1022 303 1255 344 Dominamque

370 349 519 382 Innixum
545 351 651 382 scalae
677 359 811 383 cernens
836 352 1016 391 proclamat
1040 356 1194 384 ovanter:

462 394 622 424 Terribilis
643 398 686 423 est
708 396 792 424 locus
813 395 878 431 iste,

311 436 344 468 2.
371 434 521 475 spiratus
547 435 709 475 Solymam
737 436 866 468 deditus
891 436 1041 476 policam,
1068 438 1283 477 peregrinam,

370 483 470 514 Arvis
495 491 577 523 quae
601 483 702 514 mittit
728 483 802 515 divo
828 484 953 523 copiam
980 483 1164 524 beatorum3

462 527 512 556 hic
531 527 641 556 domus
662 526 725 556 Dei
745 531 797 562 est,

315 569 348 601 3.
375 569 474 601 Porta
498 568 578 600 haec
603 569 726 600 iustitia
753 573 811 607 est,
839 569 928 600 caelo
954 578 1034 609 quae
1061 569 1172 610 dirigit
1197 570 1308 611 almos,

372 616 444 648 Hac
469 616 546 648 iusti
572 620 744 656 penetrant
770 617 955 656 paradisum
982 626 1108 656 semper
1133 622 1277 659 ovantes,

460 663 486 690 et
503 664 596 698 porta
618 661 694 690 caeli
702 673 708 697 ς

311 704 345 736 4.
372 702 499 742 Speque
525 702 589 734 fide
614 703 784 734 Dominum
813 703 953 734 retinent
979 704 1169 743 praecordia
1195 713 1298 743 sacra,

371 751 459 790 Quae
484 751 638 790 templum
666 751 796 783 Domini
822 761 940 791 corpus
966 759 1090 790 quoque
1117 753 1186 783 iure
1214 751 1366 792 fatentur,

443 798 470 825 et
490 796 648 825 vocabitur
670 796 742 824 nida
766 795 834 824 Dei.

251 876 309 902 Die
329 875 464 911 gleichen
486 875 611 908 Qucllen
632 877 686 902 wie
708 876 755 902 bei
778 876 828 903 Nr.
853 874 914 902 143.
930 889 966 893 —
990 873 1013 906 1,
1038 873 1050 901 1
1074 875 1179 902 chorus
1201 876 1238 902 H.
1254 890 1291 894 —
1305 874 1331 906 2,
1355 874 1367 902 1
1391 875 1500 902 deditis

172 914 214 949 A;
237 913 298 950 poli
319 922 408 950 quam
429 914 463 941 G.
486 928 521 932 ——
543 911 570 945 2,
591 912 609 940 2
630 914 717 940 Arvis
740 922 825 948 quem
851 915 886 945 H,
909 922 967 949 quo
988 914 1030 946 E3
1053 915 1149 941 mittat
1171 914 1202 940 F.
1220 929 1256 932 —
1278 912 1304 945 3,
1327 912 1339 940 1
1363 915 1435 941 Orta
1455 916 1500 940 est

173 953 290 979 iustitia
311 953 350 984 A;
382 953 524 987 caeloque
545 952 648 987 dirigit
668 953 737 984 ΑΗς
767 952 859 979 almas
882 952 921 981 A,
944 952 1038 978 almus
1060 953 1097 978 H.
1120 967 1155 970 —-
1177 952 1207 984 3,
1230 950 1247 978 2
1269 953 1311 979 Ac
1332 952 1391 983 OG,
1413 953 1499 978 Hanc

173 990 276 1024 ABH3
299 994 422 1018 ovanter
443 991 528 1018 EFG.
551 1004 586 1008 —-
607 989 634 1021 4,
658 989 671 1017 1
695 991 825 1016 retinens
848 991 963 1017 ABCH.
987 1004 1021 1008 —-
1042 988 1068 1021 4,
1091 990 1108 1017 2
1130 991 1237 1017 fatetur
1258 991 1290 1017 B.

541 1112 610 1142 146.
642 1112 680 1141 In
702 1112 926 1142 Dedicatione
950 1112 1133 1143 Ecclesiae.

312 1194 342 1225 1.
371 1192 519 1224 Innixum
547 1192 642 1223 scalis
668 1191 839 1223 Dominum
867 1195 901 1222 ut
928 1191 1009 1222 vidit
1034 1192 1131 1223 Iacob

429 1240 666 1280 Angelicosque
691 1239 816 1281 globos,
845 1240 902 1270 hos
929 1239 1020 1270 dedit
1045 1239 1100 1270 ille
1127 1249 1243 1274 sonos:

521 1284 681 1314 Terribilis
703 1286 747 1313 est
767 1284 851 1313 loeus
874 1284 937 1317 iste,

313 1328 345 1359 2.
373 1327 487 1359 Omnia
513 1326 572 1357 illa
596 1326 689 1357 bonis
716 1324 861 1357 conferta
887 1335 945 1365 per
970 1325 1076 1356 omnia
1106 1326 1208 1363 iustis⁷

429 1375 490 1413 Qui
515 1377 647 1414 sperant
671 1373 758 1406 vitae
785 1374 929 1413 praemia
955 1378 1153 1413 perpetuam

521 1419 570 1447 hie
590 1418 697 1447 (lomus
719 1418 779 1446 Dei
800 1422 842 1446 est
863 1421 888 1446 et
906 1421 998 1455 porta
1020 1417 1102 1452 caeli,

318 1462 350 1494 3.
377 1461 466 1492 Haec
492 1460 604 1492 domus
627 1464 675 1491 est
701 1460 819 1491 collata
845 1460 906 1499 piis
931 1460 999 1490 sine
1024 1461 1151 1491 nomine
1176 1459 1310 1500 cunctis,

432 1509 501 1547 Qua
525 1508 655 1540 valeant
680 1505 814 1541 sceleris
840 1512 965 1547 tergere
992 1507 1112 1547 probra
1137 1506 1208 1545 δαίς

521 1557 547 1583 et
567 1553 727 1582 vocabitur
747 1553 818 1581 nula
844 1552 911 1580 Dei.

252 1634 341 1669 Trop.
371 1641 424 1660 ms.
451 1631 643 1660 Martialense
673 1641 748 1658 saec.
780 1630 822 1658 10.
864 1632 933 1659 Cnd.
957 1632 1083 1658 Parisin.
1117 1630 1197 1658 1084.
1220 1631 1254 1658 A.
1275 1645 1311 1649 —
1333 1631 1421 1665 Trop.
1450 1638 1502 1657 ms.

174 1672 367 1700 Martialense
389 1681 464 1699 saec.
482 1670 526 1698 11.
548 1673 587 1698 ὶιι.
618 1671 689 1698 Cod.
706 1671 832 1697 Parisin.
851 1669 932 1697 1121.
949 1671 981 1697 B.
998 1685 1033 1688 —
1048 1670 1135 1706 Trop.
1152 1680 1203 1696 ms.
1219 1670 1410 1696 Martialense
1426 1678 1501 1696 saec,

176 1709 222 1739 11.
263 1710 334 1738 Cod.
363 1711 489 1738 Parisin.
518 1708 583 1737 909.
605 1709 636 1736 C.
658 1724 695 1728 —-
715 1710 802 1745 Trop⁴
834 1719 885 1736 ms.
909 1710 937 1736 S.
960 1709 1081 1735 Martini
1104 1709 1324 1735 Lemovicensis
1352 1716 1427 1734 saec.
1459 1706 1502 1734 11.

174 1751 216 1777 in.
257 1749 328 1777 Cod.
354 1750 481 1776 Parisin.
512 1747 594 1776 1120.
616 1749 652 1775 D.
682 1764 720 1768 —
746 1749 833 1784 Trop.
865 1757 916 1774 ms.
945 1748 975 1775 S.
1001 1749 1159 1782 Augustini
1182 1748 1404 1774 Lemovicensis
1426 1754 1503 1773 Saea.

177 1786 223 1816 ll.
263 1787 334 1816 Cod.
356 1788 484 1815 Parisin.
508 1785 591 1814 1119.
614 1786 649 1813 E.
673 1801 707 1805 —
730 1784 762 1816 2,
794 1785 806 1813 1
830 1787 883 1813 illa
905 1787 999 1813 bonus
1021 1787 1053 1812 A.
1077 1800 1112 1805 z
1135 1785 1167 1817 3,
1196 1786 1208 1812 1
1236 1787 1293 1821 piis
1317 1787 1389 1812 sime
1411 1786 1445 1812 A.
1466 1800 1504 1804 —

175 1824 203 1860 3,
224 1823 242 1853 2
262 1823 333 1863 s[ui]
356 1828 390 1854 A.
414 1842 450 1844 —
471 1824 489 1853 2
510 1826 586 1853 wohl
608 1825 753 1852 verderbt.

544 1929 613 1960 147.
647 1931 686 1960 In
707 1929 931 1960 Dedicatione
953 1929 1137 1961 Ecclesiae.

322 2009 353 2042 1.
391 2009 481 2042 Haec
507 2014 555 2041 est
579 2010 696 2042 etenim
722 2010 796 2042 aula
822 2010 894 2049 Dei,
922 2010 962 2041 de
988 2019 1050 2049 qua
1077 2009 1198 2042 dictum
1224 2014 1291 2041 est:

449 2054 604 2084 Terribilis
626 2058 668 2084 est
689 2055 772 2085 loeus
794 2055 849 2084 iste

322 2097 354 2129 2.
382 2095 600 2135 supplantans
627 2097 706 2128 vitia
731 2096 855 2137 plebis;
883 2097 1061 2136 proclamat
1088 2101 1240 2129 ovanter:

451 2141 499 2170 hic
519 2141 627 2170 (lomus
648 2141 711 2171 Dei
731 2145 784 2177 est,

321 2184 352 2216 3.
380 2182 498 2215 Pervia
522 2183 662 2222 pulsanti
689 2187 874 2215 reserantur
899 2184 1012 2216 limina
1038 2184 1139 2224 cordi,

449 2230 476 2255 et
491 2230 585 2264 porta
605 2228 682 2258 caeli

321 2271 354 2302 4.
382 2270 411 2301 A
437 2268 567 2301 Christo
591 2269 691 2309 gratis
716 2270 924 2310 poscentibus
951 2270 1084 2302 horrida
1108 2270 1201 2311 tergi,

451 2315 478 2343 et
497 2313 653 2343 vocabitur
673 2315 747 2344 aula
766 2315 837 2344 Dei.

256 2394 346 2430 Trop.
375 2402 428 2420 ms.
460 2392 652 2420 Martialense
678 2401 754 2421 saec.
783 2391 826 2421 10.
867 2394 938 2421 Cod.
959 2394 1086 2421 Parisin.
1114 2393 1198 2422 1084.
1220 2394 1254 2421 A.
1277 2407 1315 2413 —
1336 2393 1423 2428 Trop.
1453 2401 1506 2420 ms.

181 2433 213 2463 S.
233 2433 358 2462 Martini
378 2431 602 2460 Lemoviceusis
630 2439 706 2459 saec.
734 2430 779 2459 11.
800 2433 840 2459 in.
881 2432 951 2460 Cod.
972 2432 1100 2460 Parisin.
1126 2431 1205 2461 1120.
1230 2434 1263 2460 B.
1284 2447 1322 2453 —
1343 2432 1430 2467 Trop.
1453 2440 1508 2458 ms.
