1653 2689
702 88 964 126 —263—

587 162 592 177 Ι

574 290 644 322 502.
680 289 718 320 ln
739 290 839 320 unius
862 287 1092 320 Confessoris.

207 399 241 432 1.
267 398 386 438 Homo,
411 399 525 431 mundi
551 398 661 440 paleas
902 399 934 430 2.
960 399 1048 438 Quae
1074 396 1219 429 facturus
1245 396 1360 429 subeas

317 447 362 480 Et
387 455 486 486 opera
1014 445 1182 486 Delibera;

268 495 361 534 Quod
385 494 488 526 vitare
514 493 642 536 debeas,
962 494 1110 526 Fraudes
1137 494 1183 525 sic
1210 494 1356 534 vipereas

317 542 512 586 Considera;
1009 541 1049 574 Vi
1075 550 1200 584 supera,

644 619 677 652 3.
703 618 741 650 In
767 619 820 650 via
844 626 885 649 ne
910 627 1025 657 pereas

764 681 828 712 Per
853 678 962 722 (haee)
989 688 1155 720 prospera.

209 760 243 791 4.
271 758 404 791 steriles
430 756 594 798 ficulneas,
904 759 937 789 5.
964 757 1100 797 Lignum
1126 756 1210 788 vitae
1236 764 1379 796 sequere,

271 805 322 837 Ne
349 814 420 838 cum
447 806 492 836 eis
519 806 644 842 ardeas
963 806 1009 838 Ut
1035 804 1175 843 gaudeas
1202 804 1241 835 de
1267 812 1397 835 munere

320 854 389 886 Iam
416 853 538 887 desere.
1011 852 1164 885 Perennis
1192 851 1332 890 fructus3

631 930 662 961 6.
691 929 771 969 Spes
799 928 882 960 vitae
908 929 1041 966 florebit.

253 1044 380 1076 Flacius,
404 1042 456 1069 Nr.
477 1043 566 1069 LXV.
590 1056 626 1060 —
647 1042 729 1069 Nach
752 1041 785 1074 5,
809 1041 821 1069 1
846 1041 920 1077 folgt
943 1042 990 1069 bei
1012 1041 1131 1068 Flaeius
1153 1040 1185 1073 5,
1207 1040 1224 1067 2³,
1246 1041 1303 1068 und
1325 1040 1350 1074 6,
1371 1041 1496 1069 alsdann

179 1080 211 1114 5,
240 1080 265 1109 2.
287 1097 324 1100 —
345 1081 528 1108 Vermutlich
557 1082 671 1115 Tropus
699 1081 784 1107 iiber:
814 1080 964 1115 „Iustus
992 1080 1222 1116 germinabit
1251 1081 1351 1106 sicut
1373 1080 1496 1106 lilium

176 1124 231 1185 {13}
241 1118 406 1194 Clutgffilg't
428 1120 465 1145 in
487 1122 680 1146 aeternum
700 1116 784 1146 etc.“
813 1134 843 1138 --
867 1119 922 1145 Die
943 1119 1123 1153 Gliedcrung
1144 1119 1173 1144 in
1198 1118 1342 1152 Strophen
1364 1120 1401 1145 ist
1422 1117 1497 1145 wohl

577 1307 645 1338 503.
678 1308 716 1337 In
738 1307 836 1338 unius
859 1307 1088 1338 confessoris.

624 1426 639 1458 1
670 1425 713 1456 Et
739 1425 847 1458 exalta
875 1425 904 1456 ri
931 1435 1046 1465 magna

271 1503 335 1536 Cor
360 1502 536 1544 humilium,
963 1501 1065 1534 Israel
1091 1501 1124 1532 in
1150 1501 1258 1533 littore

271 1551 314 1583 Et
341 1549 523 1584 sublimium
1010 1551 1095 1582 Tuos
1122 1553 1263 1590 statua53

273 1599 372 1631 Verte
398 1598 529 1641 solium;
836 1598 837 1601 ’
1010 1598 1059 1630 Ne
1087 1597 1241 1629 destituas

224 1649 243 1680 5
270 1646 487 1679 Adiutorium
891 1647 936 1678 20
964 1646 1029 1678 Sub
1057 1645 1234 1685 Pharaone,

319 1695 421 1727 Tuum
432 1697 804 1734 ponesuperpotentem.
963 1694 1073 1726 Merso
1099 1694 1261 1733 praedone

271 1743 386 1775 Fidem
398 1743 565 1774 caritatem
577 1751 665 1783 spem
676 1742 806 1785 praebe,
1013 1743 1125 1781 Iugum
1152 1751 1261 1782 exuas⁷

270 1791 395 1823 Efferas
422 1790 553 1823 electum
580 1792 618 1823 de
642 1790 741 1832 plebe,
1011 1789 1188 1822 Libertatis
1214 1789 1321 1830 pande
1346 1790 1468 1832 ianuas,

318 1840 461 1872 Mentem
963 1838 1113 1878 Suppone

199 1889 243 1921 10
271 1887 428 1920 Conteras
454 1890 640 1919 tumentem.
892 1888 935 1919 25
963 1887 1106 1925 Manum,
1133 1886 1166 1918 in
1192 1893 1293 1926 agone

270 1935 362 1968 Tolle
389 1944 446 1967 nos
474 1936 514 1967 de
539 1939 693 1974 stercore,
1011 1934 1155 1966 Palmam
1182 1934 1324 1974 tribuas,

271 1983 442 2018 Consulem
471 1982 522 2015 fae
548 1984 588 2016 de
614 1983 752 2017 rhetore.
964 1983 1098 2024 Mundo,
1126 1991 1230 2024 earne,
1261 1983 1414 2014 daemone

319 2032 398 2065 Cum
424 2032 594 2073 Aegyptiis
1013 2031 1081 2063 Nos
1108 2040 1210 2068 eruaS,

271 2080 321 2112 Ne
348 2088 475 2120 mergas
498 2081 530 2112 in
556 2088 704 2121 aequore,
962 2080 1051 2112 Bone

199 2129 242 2162 15
271 2127 372 2160 Fixus
398 2136 456 2168 pes
482 2129 525 2160 sit
549 2127 719 2169 anchorae,
891 2129 935 2161 30
1010 2128 1090 2167 Rex,
1118 2136 1211 2167 quem
1237 2127 1387 2160 exaltavi.

319 2177 364 2209 Et
391 2184 460 2207 cum
487 2175 562 2208 filiis

253 2291 390 2318 Cantion.
413 2299 464 2318 ms.
486 2291 567 2318 Petri
588 2291 624 2318 de
644 2291 768 2318 Medicis
788 2290 958 2325 (Gallicum)
979 2299 1054 2318 saec.
1082 2288 1124 2317 13.
1159 2290 1229 2317 Cod.
1246 2291 1436 2318 Laurentian.
1452 2292 1496 2320 Pl.

171 2327 218 2358 29.
243 2328 267 2357 1.
295 2344 328 2349 -
357 2329 412 2356 Am
441 2329 558 2358 Schluss
586 2329 660 2365 folgt
687 2329 775 2357 noch:
806 2329 876 2366 „Ex
904 2326 1118 2365 exalta[vi].“
1147 2345 1183 2348 —
1209 2329 1352 2356 Sichtlich
1381 2331 1420 2356 ist
1447 2331 1498 2358 der

171 2369 287 2405 Tropus
303 2369 376 2396 iiber
390 2367 447 2395 den
461 2368 614 2396 Versikel:
638 2367 768 2403 „Posui
789 2368 1024 2396 adiutorium
1046 2369 1083 2395 in
1104 2371 1256 2404 potente
1278 2370 1312 2394 et
1330 2369 1496 2397 exaltavi

173 2407 337 2435 electum
360 2407 401 2435 de
423 2407 527 2443 plebe
549 2404 651 2435 meast
