1653 2689
748 124 1008 159 —140-

389 226 421 257 2.
448 224 613 257 Ecclesiae
638 223 722 254 natis
747 222 848 262 ipsius
874 223 960 253 iussa
985 219 1136 262 ferentes,

519 271 653 306 potentes
677 268 790 299 virtute,

390 313 420 344 3.
448 311 510 343 Per
535 319 613 350 quos
639 309 790 341 virtutum
818 310 1016 348 peraguntur
1040 306 1131 348 signa
1155 315 1216 348 per
1239 305 1361 349 orbem,

523 356 576 392 qui
595 354 701 392 facitis
724 352 839 383 verbum
859 353 934 382 eius.

295 426 384 462 Trop.
413 434 463 452 ms.
488 425 518 451 S.
538 424 660 450 Martini
682 421 936 455 Masciacensisffl)
963 430 1038 449 saec.
1061 419 1136 448 ¹⁰ln.
1181 420 1252 448 Coa.
1271 412 1408 448 va'tican.
1429 419 1533 456 Regin.

218 461 285 491 222.
307 481 342 484 —
366 462 390 495 l,
414 461 432 490 2
453 464 537 490 Illius
561 464 677 489 factum.

627 555 696 586 31⁸.
734 556 771 585 ln
793 556 904 585 sancti
925 553 1118 585 Michaelis.

387 628 417 660 1.
446 627 599 659 Humanis
625 635 758 665 superas
784 625 949 665 iungentes
976 623 1107 656 vocibus
1131 624 1209 656 odas

519 670 690 699 Beneam‘te
710 670 888 705 Dominum,
909 677 1010 698 omnes
1031 669 1130 707 anyeli
1149 669 1224 702 eius,

385 715 418 746 2.
444 712 485 744 Et
510 721 566 743 vos
592 716 746 743 concentu
772 711 893 751 pariter
919 711 1079 743 celebrate
1105 709 1261 750 faventes,

516 760 652 793 potentes
674 757 795 791 virtute,
817 756 871 792 qui
890 756 995 793 facitis
1015 755 1135 785 verbum
1155 755 1230 789 eius,

385 800 414 832 3.
443 798 562 830 Nuntia
588 798 660 830 dum
687 797 809 837 geritis,
836 807 894 837 per
919 807 1000 836 quae
1025 797 1106 828 bene
1132 795 1231 828 corda
1255 794 1379 835 paratis

520 842 560 870 acl
581 842 763 871 audiendam
786 850 883 871 rocem
904 850 1075 870 sermonum
1097 841 1171 870 eius.

293 912 382 948 Trop.
405 922 456 938 ms.
472 912 757 947 Sammaglorianum
779 920 853 937 saec.
871 910 914 938 12.
950 911 1019 938 Cod.
1035 911 1162 937 Parisiu.
1185 907 1220 936 13
1228 908 1293 936 252.
1308 923 1344 928 —
1361 907 1374 935 1
1391 908 1531 936 Humani.

631 1014 699 1044 313.
732 1015 768 1044 In
793 1015 904 1044 sancti
925 1013 1114 1044 Michaelis-

387 1085 418 1117 1.
444 1084 612 1116 Coniuncti
638 1085 763 1123 superis
789 1085 893 1115 animo
920 1093 1004 1116 nunc
1029 1084 1168 1126 psallite,
1196 1081 1331 1114 fratres:

517 1128 689 1156 Bcumlirite
710 1128 888 1161 Dominum,
910 1138 1008 1157 omnes
1032 1128 1132 1165 anyeli
1152 1129 1225 1160 eius,

383 1171 413 1202 2.
441 1170 574 1201 Lumine
601 1170 640 1201 de
665 1178 786 1201 summo
813 1170 981 1201 clarissimi
1007 1170 1126 1201 lumine
1153 1169 1243 1207 caeli,

516 1217 650 1249 potentes
675 1214 788 1247 virtute,
809 1215 863 1250 ’μα’
883 1214 988 1250 f'nciiis
1008 1214 1125 1243 verbum
1147 1215 1227 1247 εἰμες

383 1257 414 1288 3.
442 1256 587 1288 Christus
614 1264 670 1287 nos
696 1254 802 1286 foveat
827 1255 944 1286 sanctis
972 1254 1120 1294 precibus
1145 1263 1269 1294 quoque
1291 1255 1408 1287 vestris

519 1299 558 1327 ad
579 1299 760 1328 audiendam
785 1309 875 1328 νοσεήι
899 1308 1066 1328 sermonum
1089 1300 1163 1328 eins.

290 1369 378 1404 Trop.
407 1377 458 1395 ms.
484 1369 689 1395 wintoniense
719 1378 795 1395 sanc.
824 1368 867 1395 10.
895 1378 938 1396 ex.
981 1369 1049 1395 Cnd.
1077 1369 1219 1396 Oxonien.
1241 1369 1326 1395 Bodl.
1347 1366 1414 1395 775.
1435 1369 1469 1395 A.
1491 1382 1529 1386 —-

213 1408 301 1441 Trop.
333 1416 385 1433 ins.
413 1407 616 1434 wintoniense
647 1415 720 1433 saec.
752 1407 794 1433 ll.
842 1407 911 1434 (jod.
945 1407 1018 1433 0011.
1053 1408 1138 1442 Uorp.
1167 1406 1278 1434 Christi
1307 1407 1528 1440 Cantabrigieu.

213 1442 279 1472 473.
300 1446 331 1472 Β.
354 1459 390 1464 -
405 1446 491 1480 Trop.
514 1454 565 1470 ms.
581 1444 1056 1476 Glastoniense(2‘2Ca11tuarieuse)
1077 1453 1152 1472 saec.
1176 1443 1220 1472 11.
1241 1453 1285 1471 ex.
1305 1446 1345 1478 (et
1369 1442 1424 1479 12.)
1456 1444 1527 1472 Cod.

212 1483 375 1510 Londinen.
398 1484 491 1517 Calig.
516 1483 539 1508 A
562 1484 639 1509 XIV.
662 1483 692 1509 C.
717 1498 748 1500 —
773 1482 790 1510 ‘2
810 1483 936 1510 Numine
958 1504 962 1509 .
985 1504 991 1509 .
1015 1504 1021 1510 .
1049 1485 1167 1511 numine
1190 1482 1236 1515 C.;
1257 1483 1421 1510 clarissime
1443 1481 1527 1510 ABC.

215 1535 250 1539 —-
273 1519 290 1547 3
312 1522 428 1549 Christo
451 1524 488 1553 C:¹
510 1529 626 1556 quoque
650 1523 757 1547 nostris
780 1520 809 1547 C.

623 1613 692 1643 320.
728 1614 765 1643 In
787 1614 897 1644 sancti
921 1613 1111 1643 Michaelis.

384 1683 414 1716 1.
441 1683 560 1715 Summi
587 1683 766 1723 caelicolae,
799 1683 923 1714 devicto
949 1683 1082 1714 caelitus
1110 1683 1199 1715 hoste

442 1731 611 1762 Vobiscum
638 1731 750 1762 merito
777 1731 894 1770 psallat
918 1730 1093 1762 Davidicus
1119 1732 1209 1772 ordo,

516 1777 590 1804 Eia:
605 1775 747 1804 Benedite
763 1774 927 1804 Dominum
942 1784 1043 1804 omnes
1058 1777 1158 1813 angleh'
1173 1775 1246 1810 eius,
1257 1779 1393 1813 potentes
1407 1776 1527 1812 virtute,

381 1818 412 1848 2.
438 1817 497 1848 Est
523 1817 596 1856 quia
623 1826 685 1856 pax
715 1826 788 1848 vera
814 1817 952 1848 Michael
979 1818 1126 1848 vincente
1152 1817 1312 1859 perennis,

516 1862 570 1897 qni
589 1862 692 1898 facitis
717 1862 831 1890 verbum
853 1862 927 1894 eius,

381 1903 412 1934 3.
438 1902 630 1942 Incorrupta
655 1903 768 1942 quibus
793 1911 881 1934 mens
908 1907 939 1934 ct
964 1903 1032 1934 sine
1058 1904 1190 1935 crimine
1214 1903 1318 1935 vinus

517 1947 557 1975 acl
578 1947 762 1976 audiendam
785 1956 881 1976 vocem
903 1956 1071 1977 sermonum
1094 1949 1168 1977 eius.

288 2017 374 2052 Trop.
404 2025 454 2043 ms.
483 2017 687 2044 wintoniense
714 2026 788 2044 saec.
823 2015 865 2044 10.
896 2026 939 2044 ex.
982 2018 1051 2044 Cod.
1075 2017 1219 2046 Oxonien.
1240 2017 1325 2045 Bodl.
1347 2015 1413 2045 775.
1433 2019 1467 2046 A.
1489 2032 1527 2036 —-

211 2056 300 2090 Trop.
322 2065 374 2082 ms.
395 2055 600 2082 wintonie-nse
622 2064 696 2082 saec.
721 2054 763 2081 11.
801 2055 870 2082 Cod.
893 2056 956 2083 coll
989 2058 1074 2092 Coi-p.
1094 2057 1203 2084 Christi
1219 2056 1440 2092 Cantabrigien.
1460 2053 1527 2083 473.

211 2094 244 2120 B.
266 2107 298 2112 —
326 2094 413 2128 Trop.
442 2103 493 2121 lus,
522 2094 728 2121 Glastoniense
755 2093 1010 2125 (‘?Cautua1·iense)
1037 2103 1112 2122 saec.
1143 2094 1186 2122 11.
1215 2104 1259 2121 ex.
1285 2094 1326 2126 (et
1354 2093 1409 2129 12.)
1455 2094 1526 2122 eod.

211 2131 374 2159 Londinen.
403 2131 495 2167 Calig.
524 2128 551 2157 A
582 2133 658 2159 XIV.
689 2132 720 2159 C.
743 2147 777 2150 —
801 2131 818 2158 2
845 2134 964 2167 perenni
987 2134 1044 2160 ΑΒ.
1069 2148 1105 2152 -
1135 2133 1195 2168 „Ad
1224 2132 1442 2170 Repetendum“
1472 2133 1526 2161 AB

211 2169 287 2197 nach
309 2168 490 2204 „Com‘uncti
511 2170 645 2205 3111›e›·is“
667 2169 730 2201 (ΧΥ.
750 2169 824 2203 319).

647 2264 696 2294 21.
728 2265 766 2295 ln
786 2266 898 2296 sancti
918 2265 1108 2296 Michaelis.

382 2334 412 2368 1.
439 2335 562 2366 Mirans
589 2335 749 2376 angelicas
777 2336 891 2368 cecinit
917 2337 1085 2377 psalmista
1111 2337 1258 2369 cohortes

488 2384 598 2415 Mente
623 2382 850 2423 prophetantis
877 2384 1022 2417 dulcibus
1049 2383 1203 2425 eloquiis:

554 2427 724 2458 Benedicite
745 2428 923 2467 Dominum,
945 2439 1045 2460 omnes
1066 2430 1167 2468 anyeli
1185 2430 1260 2465 eim,
