<?xml version="1.0" encoding="UTF-8"?>
<!DOCTYPE html PUBLIC "-//W3C//DTD XHTML 1.0 Transitional//EN"
    "http://www.w3.org/TR/xhtml1/DTD/xhtml1-transitional.dtd">
<html xmlns="http://www.w3.org/1999/xhtml" xml:lang="en" lang="en">
 <head>
  <title>
</title>
<meta http-equiv="Content-Type" content="text/html;charset=utf-8" />
  <meta name='ocr-system' content='tesseract 3.04.00' />
  <meta name='ocr-capabilities' content='ocr_page ocr_carea ocr_par ocr_line ocrx_word'/>
</head>
<body>
  <div class='ocr_page' id='page_1' title='image "./analectahymnica49drevuoft_0053.png"; bbox 0 0 1653 2689; ppageno 0'>
   <div class='ocr_carea' id='block_1_1' title="bbox 737 85 972 121">
    <p class='ocr_par' dir='ltr' id='par_1_1' title="bbox 737 85 972 121">
     <span class='ocr_line' id='line_1_1' title="bbox 737 85 972 121; baseline 0.004 -11"><span class='ocrx_word' id='word_1_1' title='bbox 737 85 972 121; x_wconf 72' lang='lat'>-50-</span> 
     </span>
    </p>
   </div>
   <div class='ocr_carea' id='block_1_2' title="bbox 201 177 1304 223">
    <p class='ocr_par' dir='ltr' id='par_1_2' title="bbox 201 177 1304 223">
     <span class='ocr_line' id='line_1_2' title="bbox 201 177 1304 223; baseline -0.002 -9"><span class='ocrx_word' id='word_1_2' title='bbox 201 183 262 214; x_wconf 85' lang='lat' dir='ltr'><strong>2a.</strong></span> <span class='ocrx_word' id='word_1_3' title='bbox 297 182 396 222; x_wconf 84' lang='lat' dir='ltr'><strong>Quem</strong></span> <span class='ocrx_word' id='word_1_4' title='bbox 420 182 506 223; x_wconf 82' lang='lat' dir='ltr'><strong>magi</strong></span> <span class='ocrx_word' id='word_1_5' title='bbox 529 181 626 215; x_wconf 80' lang='lat' dir='ltr'><strong>hodie</strong></span> <span class='ocrx_word' id='word_1_6' title='bbox 884 180 948 214; x_wconf 85' lang='lat' dir='ltr'><strong>2b.</strong></span> <span class='ocrx_word' id='word_1_7' title='bbox 979 178 1121 212; x_wconf 64' lang='lat' dir='ltr'><strong>Naeui-as</strong></span> <span class='ocrx_word' id='word_1_8' title='bbox 1144 177 1304 220; x_wconf 62' lang='lat' dir='ltr'><strong>limphas</strong></span> 
     </span>
    </p>
   </div>
   <div class='ocr_carea' id='block_1_3' title="bbox 293 224 1460 403">
    <p class='ocr_par' dir='ltr' id='par_1_3' title="bbox 293 224 1291 263">
     <span class='ocr_line' id='line_1_3' title="bbox 293 224 1291 263; baseline -0.003 -2"><span class='ocrx_word' id='word_1_9' title='bbox 293 229 477 263; x_wconf 87' lang='lat' dir='ltr'><strong>muneribus</strong></span> <span class='ocrx_word' id='word_1_10' title='bbox 502 230 659 263; x_wconf 84' lang='lat' dir='ltr'><strong>honorant</strong></span> <span class='ocrx_word' id='word_1_11' title='bbox 977 226 1074 258; x_wconf 83' lang='lat' dir='ltr'><strong>hodie</strong></span> <span class='ocrx_word' id='word_1_12' title='bbox 1099 224 1234 258; x_wconf 83' lang='lat' dir='ltr'><strong>mutavit</strong></span> <span class='ocrx_word' id='word_1_13' title='bbox 1256 226 1291 258; x_wconf 90' lang='lat' dir='ltr'><strong>in</strong></span> 
     </span>
    </p>

    <p class='ocr_par' dir='ltr' id='par_1_4' title="bbox 293 271 1330 319">
     <span class='ocr_line' id='line_1_4' title="bbox 293 271 1330 319; baseline -0.005 -10"><span class='ocrx_word' id='word_1_14' title='bbox 293 281 325 309; x_wconf 90' lang='lat' dir='ltr'><strong>et</strong></span> <span class='ocrx_word' id='word_1_15' title='bbox 349 282 384 310; x_wconf 89' lang='lat' dir='ltr'><strong>ut</strong></span> <span class='ocrx_word' id='word_1_16' title='bbox 408 286 514 319; x_wconf 83' lang='lat' dir='ltr'><strong>regem</strong></span> <span class='ocrx_word' id='word_1_17' title='bbox 539 285 711 318; x_wconf 85' lang='lat' dir='ltr'><strong>supernum</strong></span> <span class='ocrx_word' id='word_1_18' title='bbox 978 271 1174 313; x_wconf 83' lang='lat' dir='ltr'><strong>saporiferos</strong></span> <span class='ocrx_word' id='word_1_19' title='bbox 1197 272 1330 305; x_wconf 80' lang='lat' dir='ltr'><strong>haustus</strong></span> 
     </span>
    </p>

    <p class='ocr_par' dir='ltr' id='par_1_5' title="bbox 293 323 1460 403">
     <span class='ocr_line' id='line_1_5' title="bbox 293 323 1420 369; baseline -0.008 -11"><span class='ocrx_word' id='word_1_20' title='bbox 293 325 440 365; x_wconf 85' lang='lat' dir='ltr'><strong>adorant,</strong></span> <span class='ocrx_word' id='word_1_21' title='bbox 467 326 521 365; x_wconf 89' lang='lat' dir='ltr'><strong>qui</strong></span> <span class='ocrx_word' id='word_1_22' title='bbox 546 330 595 357; x_wconf 84' lang='lat' dir='ltr'><strong>est</strong></span> <span class='ocrx_word' id='word_1_23' title='bbox 976 329 1036 362; x_wconf 87' lang='lat' dir='ltr'><strong>per</strong></span> <span class='ocrx_word' id='word_1_24' title='bbox 1059 323 1272 369; x_wconf 77' lang='lat' dir='ltr'><strong>potestatem3</strong></span> <span class='ocrx_word' id='word_1_25' title='bbox 1413 363 1420 369; x_wconf 30' lang='lat'><em>⁶</em></span> 
     </span>
     <span class='ocr_line' id='line_1_6' title="bbox 350 368 1460 403; baseline -0.005 -5"><span class='ocrx_word' id='word_1_26' title='bbox 350 369 523 399; x_wconf 76' lang='lat' dir='ltr'><strong>dominator</strong></span> <span class='ocrx_word' id='word_1_27' title='bbox 542 369 712 403; x_wconf 77' lang='lat' dir='ltr'><strong>Dominus,·</strong></span> <span class='ocrx_word' id='word_1_28' title='bbox 1033 368 1061 395; x_wconf 83' lang='lat' dir='ltr'><strong>et</strong></span> <span class='ocrx_word' id='word_1_29' title='bbox 1078 373 1202 403; x_wconf 72' lang='lat' dir='ltr'><strong>reynwm</strong></span> <span class='ocrx_word' id='word_1_30' title='bbox 1221 373 1256 393; x_wconf 88' lang='lat' dir='ltr'><strong>m</strong></span> <span class='ocrx_word' id='word_1_31' title='bbox 1275 372 1372 393; x_wconf 66' lang='lat' dir='ltr'><strong>mamm</strong></span> <span class='ocrx_word' id='word_1_32' title='bbox 1391 371 1460 393; x_wconf 71' lang='lat' dir='ltr'><strong>etus</strong></span> 
     </span>
    </p>
   </div>
   <div class='ocr_carea' id='block_1_4' title="bbox 503 424 1176 498">
    <p class='ocr_par' dir='ltr' id='par_1_6' title="bbox 503 424 1176 498">
     <span class='ocr_line' id='line_1_7' title="bbox 504 424 907 462; baseline -0.01 -7"><span class='ocrx_word' id='word_1_33' title='bbox 504 430 530 455; x_wconf 73' lang='lat' dir='ltr'><strong>ei</strong></span> <span class='ocrx_word' id='word_1_34' title='bbox 545 428 682 462; x_wconf 76' lang='lat' dir='ltr'><strong>potestas</strong></span> <span class='ocrx_word' id='word_1_35' title='bbox 703 428 729 453; x_wconf 76' lang='lat' dir='ltr'><strong>ct</strong></span> <span class='ocrx_word' id='word_1_36' title='bbox 748 424 907 461; x_wconf 75' lang='lat' dir='ltr'><strong>imperium</strong></span> 
     </span>
     <span class='ocr_line' id='line_1_8' title="bbox 503 459 1176 498; baseline -0.006 -5"><span class='ocrx_word' id='word_1_37' title='bbox 503 466 567 493; x_wconf 85' lang='lat' dir='ltr'><strong>Ps.:</strong></span> <span class='ocrx_word' id='word_1_38' title='bbox 589 462 686 494; x_wconf 70' lang='lat' dir='ltr'><strong>Deus.</strong></span> <span class='ocrx_word' id='word_1_39' title='bbox 709 461 854 492; x_wconf 76' lang='lat' dir='ltr'><strong>iudicium</strong></span> <span class='ocrx_word' id='word_1_40' title='bbox 876 464 963 490; x_wconf 81' lang='lat' dir='ltr'><strong>tuum</strong></span> <span class='ocrx_word' id='word_1_41' title='bbox 983 461 1045 498; x_wconf 61' lang='grc' dir='ltr'><strong>νομί</strong></span> <span class='ocrx_word' id='word_1_42' title='bbox 1066 459 1105 490; x_wconf 76' lang='lat' dir='ltr'><strong>da</strong></span> <span class='ocrx_word' id='word_1_43' title='bbox 1127 462 1176 489; x_wconf 83' lang='lat' dir='ltr'><strong>etc.</strong></span> 
     </span>
    </p>
   </div>
   <div class='ocr_carea' id='block_1_5' title="bbox 200 529 1515 842">
    <p class='ocr_par' dir='ltr' id='par_1_7' title="bbox 200 529 1515 842">
     <span class='ocr_line' id='line_1_9' title="bbox 200 529 1452 566; baseline -0.004 -1"><span class='ocrx_word' id='word_1_44' title='bbox 200 534 219 565; x_wconf 85' lang='lat'><strong>:3</strong></span> <span class='ocrx_word' id='word_1_45' title='bbox 229 543 257 566; x_wconf 89' lang='lat' dir='ltr'><strong>a.</strong></span> <span class='ocrx_word' id='word_1_46' title='bbox 293 535 331 565; x_wconf 90' lang='lat' dir='ltr'><strong>In</strong></span> <span class='ocrx_word' id='word_1_47' title='bbox 357 534 494 566; x_wconf 86' lang='lat' dir='ltr'>Iordane</span> <span class='ocrx_word' id='word_1_48' title='bbox 520 544 537 565; x_wconf 90' lang='lat' dir='ltr'><strong>a</strong></span> <span class='ocrx_word' id='word_1_49' title='bbox 563 534 704 565; x_wconf 79' lang='lat' dir='ltr'><strong>lohanne</strong></span> <span class='ocrx_word' id='word_1_50' title='bbox 884 531 947 566; x_wconf 85' lang='lat' dir='ltr'><strong>3b.</strong></span> <span class='ocrx_word' id='word_1_51' title='bbox 978 531 1085 563; x_wconf 87' lang='lat' dir='ltr'>Hodie</span> <span class='ocrx_word' id='word_1_52' title='bbox 1110 529 1277 562; x_wconf 84' lang='lat' dir='ltr'><strong>descendit</strong></span> <span class='ocrx_word' id='word_1_53' title='bbox 1303 529 1452 562; x_wconf 81' lang='lat' dir='ltr'><strong>Christus</strong></span> 
     </span>
     <span class='ocr_line' id='line_1_10' title="bbox 292 575 1251 622; baseline -0.003 -10"><span class='ocrx_word' id='word_1_54' title='bbox 292 581 472 622; x_wconf 85' lang='lat' dir='ltr'><strong>baptizatus</strong></span> <span class='ocrx_word' id='word_1_55' title='bbox 977 579 1012 611; x_wconf 87' lang='lat' dir='ltr'><strong>in</strong></span> <span class='ocrx_word' id='word_1_56' title='bbox 1037 575 1251 620; x_wconf 76' lang='lat' dir='ltr'><strong>Iordane[m]‚</strong></span> 
     </span>
     <span class='ocr_line' id='line_1_11' title="bbox 291 626 1204 668; baseline -0.003 -8"><span class='ocrx_word' id='word_1_57' title='bbox 291 633 426 668; x_wconf 86' lang='lat' dir='ltr'><strong>paterna</strong></span> <span class='ocrx_word' id='word_1_58' title='bbox 452 638 529 659; x_wconf 81' lang='lat' dir='ltr'><strong>voce</strong></span> <span class='ocrx_word' id='word_1_59' title='bbox 977 626 1023 658; x_wconf 91' lang='lat' dir='ltr'><strong>ibi</strong></span> <span class='ocrx_word' id='word_1_60' title='bbox 1048 630 1204 666; x_wconf 85' lang='lat' dir='ltr'><strong>expurgat</strong></span> 
     </span>
     <span class='ocr_line' id='line_1_12' title="bbox 292 673 1275 716; baseline -0.003 -9"><span class='ocrx_word' id='word_1_61' title='bbox 292 676 375 707; x_wconf 87' lang='lat' dir='ltr'><strong>filius</strong></span> <span class='ocrx_word' id='word_1_62' title='bbox 401 676 502 716; x_wconf 87' lang='lat' dir='ltr'><strong>patris</strong></span> <span class='ocrx_word' id='word_1_63' title='bbox 978 677 1087 706; x_wconf 90' lang='lat' dir='ltr'><strong>nostra</strong></span> <span class='ocrx_word' id='word_1_64' title='bbox 1113 673 1275 713; x_wconf 85' lang='lat' dir='ltr'><strong>facinora3</strong></span> 
     </span>
     <span class='ocr_line' id='line_1_13' title="bbox 292 720 1334 763; baseline -0.004 -8"><span class='ocrx_word' id='word_1_65' title='bbox 292 728 340 755; x_wconf 67' lang='lat' dir='ltr'><strong>est</strong></span> <span class='ocrx_word' id='word_1_66' title='bbox 365 723 460 755; x_wconf 85' lang='lat' dir='ltr'><strong>hodie</strong></span> <span class='ocrx_word' id='word_1_67' title='bbox 483 723 701 762; x_wconf 73' lang='lat' dir='ltr'><strong>adclamatu53</strong></span> <span class='ocrx_word' id='word_1_68' title='bbox 977 722 1047 754; x_wconf 86' lang='lat' dir='ltr'><strong>Deo</strong></span> <span class='ocrx_word' id='word_1_69' title='bbox 1072 721 1192 763; x_wconf 79' lang='lat' dir='ltr'>gratias</span> <span class='ocrx_word' id='word_1_70' title='bbox 1218 720 1334 752; x_wconf 82' lang='lat' dir='ltr'><strong>dieite:</strong></span> 
     </span>
     <span class='ocr_line' id='line_1_14' title="bbox 349 763 1515 802; baseline -0.002 -7"><span class='ocrx_word' id='word_1_71' title='bbox 349 767 434 797; x_wconf 70' lang='lat' dir='ltr'><strong>Eece.</strong></span> <span class='ocrx_word' id='word_1_72' title='bbox 455 767 576 796; x_wconf 69' lang='lat' dir='ltr'><strong>advenit</strong></span> <span class='ocrx_word' id='word_1_73' title='bbox 596 766 769 795; x_wconf 76' lang='lat' dir='ltr'><strong>dominator</strong></span> <span class='ocrx_word' id='word_1_74' title='bbox 786 781 823 786; x_wconf 84' lang='lat'><strong>—-</strong></span> <span class='ocrx_word' id='word_1_75' title='bbox 1035 768 1101 799; x_wconf 74' lang='lat' dir='ltr'><strong>Eia,</strong></span> <span class='ocrx_word' id='word_1_76' title='bbox 1116 765 1225 795; x_wconf 80' lang='lat' dir='ltr'><em>Gloria</em></span> <span class='ocrx_word' id='word_1_77' title='bbox 1241 765 1330 802; x_wconf 77' lang='lat' dir='ltr'><strong>patri</strong></span> <span class='ocrx_word' id='word_1_78' title='bbox 1349 767 1376 794; x_wconf 79' lang='lat' dir='ltr'><strong>et</strong></span> <span class='ocrx_word' id='word_1_79' title='bbox 1394 763 1458 802; x_wconf 75' lang='lat' dir='ltr'><strong>filio</strong></span> <span class='ocrx_word' id='word_1_80' title='bbox 1475 781 1515 786; x_wconf 94' lang='lat'><strong>-—</strong></span> 
     </span>
     <span class='ocr_line' id='line_1_15' title="bbox 344 802 1513 842; baseline 0 -11"><span class='ocrx_word' id='word_1_81' title='bbox 344 809 480 841; x_wconf 73' lang='lat' dir='ltr'><strong>potestas</strong></span> <span class='ocrx_word' id='word_1_82' title='bbox 501 809 526 834; x_wconf 79' lang='lat' dir='ltr'><strong>et</strong></span> <span class='ocrx_word' id='word_1_83' title='bbox 548 806 713 842; x_wconf 73' lang='lat' dir='ltr'><strong>imperium.</strong></span> <span class='ocrx_word' id='word_1_84' title='bbox 1036 804 1157 834; x_wconf 77' lang='lat' dir='ltr'><strong>saecula</strong></span> <span class='ocrx_word' id='word_1_85' title='bbox 1171 804 1369 833; x_wconf 76' lang='lat' dir='ltr'><strong>saeculorum.</strong></span> <span class='ocrx_word' id='word_1_86' title='bbox 1404 802 1513 833; x_wconf 76' lang='lat' dir='ltr'><strong>Amen.</strong></span> 
     </span>
    </p>
   </div>
   <div class='ocr_carea' id='block_1_6' title="bbox 195 860 1517 1052">
    <p class='ocr_par' dir='ltr' id='par_1_8' title="bbox 195 860 1517 1052">
     <span class='ocr_line' id='line_1_16' title="bbox 270 860 1512 899; baseline -0.001 -8"><span class='ocrx_word' id='word_1_87' title='bbox 270 865 358 899; x_wconf 81' lang='lat' dir='ltr'><strong>Trop.</strong></span> <span class='ocrx_word' id='word_1_88' title='bbox 383 873 435 891; x_wconf 75' lang='lat' dir='ltr'><strong>ms.</strong></span> <span class='ocrx_word' id='word_1_89' title='bbox 456 864 664 892; x_wconf 77' lang='lat' dir='ltr'><strong>Novaliciense</strong></span> <span class='ocrx_word' id='word_1_90' title='bbox 685 872 760 891; x_wconf 78' lang='lat' dir='ltr'><strong>saec.</strong></span> <span class='ocrx_word' id='word_1_91' title='bbox 783 863 827 891; x_wconf 81' lang='lat'><strong>11.</strong></span> <span class='ocrx_word' id='word_1_92' title='bbox 859 864 929 892; x_wconf 88' lang='lat' dir='ltr'><strong>Cod.</strong></span> <span class='ocrx_word' id='word_1_93' title='bbox 951 865 1095 891; x_wconf 82' lang='lat' dir='ltr'><strong>Oxonien.</strong></span> <span class='ocrx_word' id='word_1_94' title='bbox 1116 863 1218 890; x_wconf 80' lang='lat' dir='ltr'><strong>Douce</strong></span> <span class='ocrx_word' id='word_1_95' title='bbox 1237 860 1304 890; x_wconf 80' lang='lat'>222.</span> <span class='ocrx_word' id='word_1_96' title='bbox 1321 864 1355 890; x_wconf 83' lang='lat' dir='ltr'><strong>A.</strong></span> <span class='ocrx_word' id='word_1_97' title='bbox 1370 862 1512 899; x_wconf 83' lang='lat' dir='ltr'><strong>—Trop.</strong></span> 
     </span>
     <span class='ocr_line' id='line_1_17' title="bbox 195 899 1512 934; baseline 0 -5"><span class='ocrx_word' id='word_1_98' title='bbox 195 912 245 929; x_wconf 65' lang='lat' dir='ltr'><strong>ms.</strong></span> <span class='ocrx_word' id='word_1_99' title='bbox 267 901 454 934; x_wconf 54' lang='lat' dir='ltr'><strong>luticenseffl&#39;}</strong></span> <span class='ocrx_word' id='word_1_100' title='bbox 473 911 549 930; x_wconf 76' lang='lat' dir='ltr'><strong>saec.</strong></span> <span class='ocrx_word' id='word_1_101' title='bbox 573 901 615 929; x_wconf 82' lang='lat'><strong>12.</strong></span> <span class='ocrx_word' id='word_1_102' title='bbox 637 911 680 929; x_wconf 83' lang='lat' dir='ltr'><strong>ex.</strong></span> <span class='ocrx_word' id='word_1_103' title='bbox 712 901 782 929; x_wconf 88' lang='lat' dir='ltr'><strong>Cod.</strong></span> <span class='ocrx_word' id='word_1_104' title='bbox 804 902 946 930; x_wconf 85' lang='lat' dir='ltr'><strong>Oxouien.</strong></span> <span class='ocrx_word' id='word_1_105' title='bbox 967 903 1053 929; x_wconf 84' lang='lat' dir='ltr'><strong>Misc.</strong></span> <span class='ocrx_word' id='word_1_106' title='bbox 1073 902 1116 929; x_wconf 90' lang='lat' dir='ltr'><strong>lit.</strong></span> <span class='ocrx_word' id='word_1_107' title='bbox 1138 899 1204 929; x_wconf 87' lang='grc'><strong>341.</strong></span> <span class='ocrx_word' id='word_1_108' title='bbox 1226 901 1258 927; x_wconf 89' lang='grc' dir='ltr'><strong>Β.</strong></span> <span class='ocrx_word' id='word_1_109' title='bbox 1274 914 1310 920; x_wconf 93' lang='lat'><strong>——</strong></span> <span class='ocrx_word' id='word_1_110' title='bbox 1334 901 1359 933; x_wconf 84' lang='lat'><strong>1,</strong></span> <span class='ocrx_word' id='word_1_111' title='bbox 1379 900 1398 928; x_wconf 84' lang='lat'><em>2</em></span> <span class='ocrx_word' id='word_1_112' title='bbox 1417 901 1512 929; x_wconf 82' lang='lat' dir='ltr'><strong>tribus</strong></span> 
     </span>
     <span class='ocr_line' id='line_1_18' title="bbox 196 937 1517 976; baseline 0 -10"><span class='ocrx_word' id='word_1_113' title='bbox 196 946 297 968; x_wconf 57' lang='lat' dir='ltr'><strong>„mata</strong></span> <span class='ocrx_word' id='word_1_114' title='bbox 318 942 351 967; x_wconf 83' lang='lat' dir='ltr'><strong>B.</strong></span> <span class='ocrx_word' id='word_1_115' title='bbox 372 956 409 959; x_wconf 97' lang='lat'><strong>—</strong></span> <span class='ocrx_word' id='word_1_116' title='bbox 430 939 471 968; x_wconf 82' lang='lat' dir='ltr'><strong>2a</strong></span> <span class='ocrx_word' id='word_1_117' title='bbox 498 941 569 968; x_wconf 85' lang='lat' dir='ltr'><strong>fehlt</strong></span> <span class='ocrx_word' id='word_1_118' title='bbox 590 942 622 968; x_wconf 93' lang='lat' dir='ltr'><strong>B.</strong></span> <span class='ocrx_word' id='word_1_119' title='bbox 643 955 681 960; x_wconf 90' lang='lat'><strong>—</strong></span> <span class='ocrx_word' id='word_1_120' title='bbox 701 938 762 971; x_wconf 66' lang='lat'><strong>21),</strong></span> <span class='ocrx_word' id='word_1_121' title='bbox 791 940 810 967; x_wconf 86' lang='lat'>4</span> <span class='ocrx_word' id='word_1_122' title='bbox 836 943 996 976; x_wconf 78' lang='lat' dir='ltr'><strong>potestates</strong></span> <span class='ocrx_word' id='word_1_123' title='bbox 1016 940 1050 967; x_wconf 91' lang='grc' dir='ltr'><strong>Β.</strong></span> <span class='ocrx_word' id='word_1_124' title='bbox 1071 954 1108 960; x_wconf 93' lang='lat'><em>-</em></span> <span class='ocrx_word' id='word_1_125' title='bbox 1129 938 1170 967; x_wconf 65' lang='lat'><strong>21)</strong></span> <span class='ocrx_word' id='word_1_126' title='bbox 1194 938 1254 966; x_wconf 86' lang='lat' dir='ltr'><strong>und</strong></span> <span class='ocrx_word' id='word_1_127' title='bbox 1275 937 1318 968; x_wconf 83' lang='lat' dir='ltr'><strong>3a</strong></span> <span class='ocrx_word' id='word_1_128' title='bbox 1345 940 1517 976; x_wconf 79' lang='lat' dir='ltr'><strong>umgestellt</strong></span> 
     </span>
     <span class='ocr_line' id='line_1_19' title="bbox 197 976 1513 1015; baseline 0 -9"><span class='ocrx_word' id='word_1_129' title='bbox 197 981 224 1006; x_wconf 73' lang='grc' dir='ltr'><strong>Β.</strong></span> <span class='ocrx_word' id='word_1_130' title='bbox 250 993 284 998; x_wconf 33' lang='grc' dir='ltr'><strong>ἡ</strong></span> <span class='ocrx_word' id='word_1_131' title='bbox 304 978 361 1009; x_wconf 64' lang='lat'><strong>321,</strong></span> <span class='ocrx_word' id='word_1_132' title='bbox 391 977 408 1005; x_wconf 87' lang='lat'>2</span> <span class='ocrx_word' id='word_1_133' title='bbox 430 979 579 1015; x_wconf 85' lang='lat' dir='ltr'><strong>baptizato</strong></span> <span class='ocrx_word' id='word_1_134' title='bbox 601 981 634 1006; x_wconf 79' lang='lat' dir='ltr'><strong>A.</strong></span> <span class='ocrx_word' id='word_1_135' title='bbox 655 991 693 997; x_wconf 89' lang='lat'>—</span> <span class='ocrx_word' id='word_1_136' title='bbox 712 976 771 1010; x_wconf 71' lang='lat'><strong>3³,</strong></span> <span class='ocrx_word' id='word_1_137' title='bbox 792 978 811 1006; x_wconf 89' lang='lat'>4</span> <span class='ocrx_word' id='word_1_138' title='bbox 831 985 873 1015; x_wconf 83' lang='lat' dir='ltr'><strong>sq.</strong></span> <span class='ocrx_word' id='word_1_139' title='bbox 895 978 983 1006; x_wconf 82' lang='lat' dir='ltr'><strong>hodie</strong></span> <span class='ocrx_word' id='word_1_140' title='bbox 1003 978 1081 1006; x_wconf 86' lang='lat' dir='ltr'><strong>filius</strong></span> <span class='ocrx_word' id='word_1_141' title='bbox 1103 987 1130 1014; x_wconf 88' lang='lat' dir='ltr'><strong>p.</strong></span> <span class='ocrx_word' id='word_1_142' title='bbox 1151 981 1196 1006; x_wconf 82' lang='lat' dir='ltr'><strong>est</strong></span> <span class='ocrx_word' id='word_1_143' title='bbox 1215 977 1398 1007; x_wconf 81' lang='lat' dir='ltr'><strong>adclamatus</strong></span> <span class='ocrx_word' id='word_1_144' title='bbox 1418 978 1452 1006; x_wconf 91' lang='lat' dir='ltr'><strong>B.</strong></span> <span class='ocrx_word' id='word_1_145' title='bbox 1473 993 1513 998; x_wconf 90' lang='lat'><strong>-—</strong></span> 
     </span>
     <span class='ocr_line' id='line_1_20' title="bbox 195 1016 1135 1052; baseline -0.001 -8"><span class='ocrx_word' id='word_1_146' title='bbox 195 1018 232 1044; x_wconf 69' lang='lat'><strong>31»</strong></span> <span class='ocrx_word' id='word_1_147' title='bbox 254 1017 325 1044; x_wconf 82' lang='lat' dir='ltr'>fehlt</span> <span class='ocrx_word' id='word_1_148' title='bbox 346 1017 378 1044; x_wconf 92' lang='lat' dir='ltr'><strong>B.</strong></span> <span class='ocrx_word' id='word_1_149' title='bbox 406 1032 440 1036; x_wconf 93' lang='lat'>—</span> <span class='ocrx_word' id='word_1_150' title='bbox 462 1019 505 1045; x_wconf 90' lang='lat' dir='ltr'><strong>Im</strong></span> <span class='ocrx_word' id='word_1_151' title='bbox 527 1018 647 1044; x_wconf 81' lang='lat' dir='ltr'><strong>Texte</strong></span> <span class='ocrx_word' id='word_1_152' title='bbox 669 1018 708 1043; x_wconf 86' lang='lat' dir='ltr'><strong>ist</strong></span> <span class='ocrx_word' id='word_1_153' title='bbox 725 1016 882 1052; x_wconf 78' lang='lat' dir='ltr'><strong>jedenfalls</strong></span> <span class='ocrx_word' id='word_1_154' title='bbox 903 1016 1135 1044; x_wconf 81' lang='lat' dir='ltr'><strong>Parallelismus.</strong></span> 
     </span>
    </p>
   </div>
   <div class='ocr_carea' id='block_1_7' title="bbox 478 1120 1136 1787">
    <p class='ocr_par' dir='ltr' id='par_1_9' title="bbox 478 1120 1136 1787">
     <span class='ocr_line' id='line_1_21' title="bbox 601 1120 1103 1158; baseline 0.002 -8"><span class='ocrx_word' id='word_1_155' title='bbox 601 1120 649 1150; x_wconf 60' lang='lat'><strong>18.</strong></span> <span class='ocrx_word' id='word_1_156' title='bbox 682 1120 720 1150; x_wconf 87' lang='lat' dir='ltr'><strong>In</strong></span> <span class='ocrx_word' id='word_1_157' title='bbox 742 1120 933 1158; x_wconf 80' lang='lat' dir='ltr'><strong>Epiphania</strong></span> <span class='ocrx_word' id='word_1_158' title='bbox 952 1120 1103 1151; x_wconf 73' lang='lat' dir='ltr'><strong>Domini.</strong></span> 
     </span>
     <span class='ocr_line' id='line_1_22' title="bbox 482 1177 959 1212; baseline 0.006 -4"><span class='ocrx_word' id='word_1_159' title='bbox 482 1177 510 1208; x_wconf 88' lang='lat'><strong>1.</strong></span> <span class='ocrx_word' id='word_1_160' title='bbox 538 1181 623 1211; x_wconf 71' lang='lat' dir='ltr'><strong>Ecce.</strong></span> <span class='ocrx_word' id='word_1_161' title='bbox 645 1182 764 1210; x_wconf 67' lang='lat' dir='ltr'><strong>advenit</strong></span> <span class='ocrx_word' id='word_1_162' title='bbox 787 1182 959 1212; x_wconf 73' lang='lat' dir='ltr'><em>dominator</em></span> 
     </span>
     <span class='ocr_line' id='line_1_23' title="bbox 592 1223 957 1263; baseline 0 -8"><span class='ocrx_word' id='word_1_163' title='bbox 592 1223 791 1260; x_wconf 82' lang='lat' dir='ltr'><strong>Mansuetus,</strong></span> <span class='ocrx_word' id='word_1_164' title='bbox 819 1223 957 1263; x_wconf 86' lang='lat' dir='ltr'><strong>humilis,</strong></span> 
     </span>
     <span class='ocr_line' id='line_1_24' title="bbox 593 1271 968 1311; baseline 0.003 -9"><span class='ocrx_word' id='word_1_165' title='bbox 593 1271 668 1302; x_wconf 87' lang='lat' dir='ltr'><strong>Pius</strong></span> <span class='ocrx_word' id='word_1_166' title='bbox 694 1274 789 1311; x_wconf 88' lang='lat' dir='ltr'><strong>atque</strong></span> <span class='ocrx_word' id='word_1_167' title='bbox 813 1271 968 1311; x_wconf 87' lang='lat' dir='ltr'><strong>benignus</strong></span> 
     </span>
     <span class='ocr_line' id='line_1_25' title="bbox 505 1323 704 1358; baseline 0.015 -8"><span class='ocrx_word' id='word_1_168' title='bbox 505 1343 511 1350; x_wconf 88' lang='lat'>.</span> <span class='ocrx_word' id='word_1_169' title='bbox 539 1323 704 1358; x_wconf 73' lang='lat' dir='ltr'><strong>Dominus,</strong></span> 
     </span>
     <span class='ocr_line' id='line_1_26' title="bbox 593 1366 990 1405; baseline -0.005 -7"><span class='ocrx_word' id='word_1_170' title='bbox 593 1366 650 1398; x_wconf 90' lang='lat' dir='ltr'><strong>Cui</strong></span> <span class='ocrx_word' id='word_1_171' title='bbox 676 1367 772 1398; x_wconf 83' lang='lat' dir='ltr'><strong>stella</strong></span> <span class='ocrx_word' id='word_1_172' title='bbox 801 1367 880 1398; x_wconf 86' lang='lat' dir='ltr'><strong>duce</strong></span> <span class='ocrx_word' id='word_1_173' title='bbox 906 1366 990 1405; x_wconf 84' lang='lat' dir='ltr'><strong>magi</strong></span> 
     </span>
     <span class='ocr_line' id='line_1_27' title="bbox 591 1413 979 1445; baseline 0.003 -1"><span class='ocrx_word' id='word_1_174' title='bbox 591 1413 783 1445; x_wconf 84' lang='lat' dir='ltr'>Detulerunt</span> <span class='ocrx_word' id='word_1_175' title='bbox 808 1414 869 1445; x_wconf 87' lang='lat' dir='ltr'><strong>tria</strong></span> <span class='ocrx_word' id='word_1_176' title='bbox 896 1413 979 1445; x_wconf 89' lang='lat' dir='ltr'><strong>dona</strong></span> 
     </span>
     <span class='ocr_line' id='line_1_28' title="bbox 593 1461 1059 1494; baseline 0.002 -2"><span class='ocrx_word' id='word_1_177' title='bbox 593 1461 688 1493; x_wconf 86' lang='lat' dir='ltr'><strong>Turis</strong></span> <span class='ocrx_word' id='word_1_178' title='bbox 714 1466 746 1493; x_wconf 80' lang='lat' dir='ltr'><strong>et</strong></span> <span class='ocrx_word' id='word_1_179' title='bbox 771 1461 838 1493; x_wconf 85' lang='lat' dir='ltr'><strong>auri</strong></span> <span class='ocrx_word' id='word_1_180' title='bbox 864 1466 897 1493; x_wconf 80' lang='lat' dir='ltr'><strong>et</strong></span> <span class='ocrx_word' id='word_1_181' title='bbox 921 1470 1059 1494; x_wconf 84' lang='lat' dir='ltr'><strong>murrae.</strong></span> 
     </span>
     <span class='ocr_line' id='line_1_29' title="bbox 480 1510 986 1551; baseline 0.004 -9"><span class='ocrx_word' id='word_1_182' title='bbox 480 1510 511 1542; x_wconf 87' lang='lat'><strong>3.</strong></span> <span class='ocrx_word' id='word_1_183' title='bbox 537 1514 578 1544; x_wconf 80' lang='lat' dir='ltr'><strong>Et</strong></span> <span class='ocrx_word' id='word_1_184' title='bbox 601 1524 720 1551; x_wconf 63' lang='lat' dir='ltr'><strong>regnum</strong></span> <span class='ocrx_word' id='word_1_185' title='bbox 745 1517 776 1544; x_wconf 81' lang='lat' dir='ltr'><strong>in</strong></span> <span class='ocrx_word' id='word_1_186' title='bbox 798 1524 890 1543; x_wconf 79' lang='lat' dir='ltr'><strong>manu</strong></span> <span class='ocrx_word' id='word_1_187' title='bbox 913 1516 986 1549; x_wconf 70' lang='lat' dir='ltr'><strong>eiu-5.</strong></span> 
     </span>
     <span class='ocr_line' id='line_1_30' title="bbox 593 1555 1086 1597; baseline 0 -9"><span class='ocrx_word' id='word_1_188' title='bbox 593 1555 737 1597; x_wconf 82' lang='lat' dir='ltr'><strong>Regnum</strong></span> <span class='ocrx_word' id='word_1_189' title='bbox 763 1557 879 1597; x_wconf 86' lang='lat' dir='ltr'><strong>iugiter</strong></span> <span class='ocrx_word' id='word_1_190' title='bbox 905 1557 1086 1596; x_wconf 82' lang='lat' dir='ltr'><strong>perdurans</strong></span> 
     </span>
     <span class='ocr_line' id='line_1_31' title="bbox 593 1605 1136 1646; baseline 0 -10"><span class='ocrx_word' id='word_1_191' title='bbox 593 1606 699 1644; x_wconf 84' lang='lat' dir='ltr'><strong>Atque</strong></span> <span class='ocrx_word' id='word_1_192' title='bbox 722 1613 911 1646; x_wconf 85' lang='lat' dir='ltr'><strong>permanens</strong></span> <span class='ocrx_word' id='word_1_193' title='bbox 936 1613 995 1644; x_wconf 85' lang='lat' dir='ltr'><strong>per</strong></span> <span class='ocrx_word' id='word_1_194' title='bbox 1020 1605 1136 1644; x_wconf 81' lang='lat' dir='ltr'><strong>saecla,</strong></span> 
     </span>
     <span class='ocr_line' id='line_1_32' title="bbox 478 1655 742 1695; baseline 0.004 -9"><span class='ocrx_word' id='word_1_195' title='bbox 478 1655 510 1684; x_wconf 87' lang='lat'><strong>4-</strong></span> <span class='ocrx_word' id='word_1_196' title='bbox 537 1657 581 1686; x_wconf 80' lang='lat' dir='ltr'><strong>Et</strong></span> <span class='ocrx_word' id='word_1_197' title='bbox 597 1661 742 1695; x_wconf 62' lang='lat' dir='ltr'><strong>potestas,</strong></span> 
     </span>
     <span class='ocr_line' id='line_1_33' title="bbox 594 1699 1095 1738; baseline 0.004 -8"><span class='ocrx_word' id='word_1_198' title='bbox 594 1703 679 1738; x_wconf 73' lang='lat' dir='ltr'><strong>Quae</strong></span> <span class='ocrx_word' id='word_1_199' title='bbox 706 1699 838 1736; x_wconf 85' lang='lat' dir='ltr'><strong>eaelum,</strong></span> <span class='ocrx_word' id='word_1_200' title='bbox 866 1703 979 1736; x_wconf 82' lang='lat' dir='ltr'><strong>terras,</strong></span> <span class='ocrx_word' id='word_1_201' title='bbox 1007 1709 1095 1732; x_wconf 82' lang='lat' dir='ltr'><strong>mare</strong></span> 
     </span>
     <span class='ocr_line' id='line_1_34' title="bbox 593 1747 970 1787; baseline -0.003 -7"><span class='ocrx_word' id='word_1_202' title='bbox 593 1747 721 1780; x_wconf 85' lang='lat' dir='ltr'><strong>Creavit</strong></span> <span class='ocrx_word' id='word_1_203' title='bbox 747 1748 970 1787; x_wconf 81' lang='lat' dir='ltr'><strong>hominumque</strong></span> 
     </span>
    </p>
   </div>
   <div class='ocr_carea' id='block_1_8' title="bbox 648 1795 930 1878">
    <p class='ocr_par' dir='ltr' id='par_1_10' title="bbox 648 1795 930 1878">
     <span class='ocr_line' id='line_1_35' title="bbox 650 1795 930 1836; baseline 0 -9"><span class='ocrx_word' id='word_1_204' title='bbox 650 1795 758 1827; x_wconf 78' lang='lat' dir='ltr'><strong>Genus</strong></span> <span class='ocrx_word' id='word_1_205' title='bbox 783 1795 930 1836; x_wconf 79' lang='lat' dir='ltr'><strong>redemit,</strong></span> 
     </span>
     <span class='ocr_line' id='line_1_36' title="bbox 648 1839 880 1878; baseline 0 -9"><span class='ocrx_word' id='word_1_206' title='bbox 648 1839 689 1869; x_wconf 74' lang='lat' dir='ltr'><strong>Et</strong></span> <span class='ocrx_word' id='word_1_207' title='bbox 712 1841 749 1868; x_wconf 81' lang='lat' dir='ltr'><strong>im</strong></span> <span class='ocrx_word' id='word_1_208' title='bbox 749 1841 880 1878; x_wconf 79' lang='lat' dir='ltr'><strong>perium.</strong></span> 
     </span>
    </p>
   </div>
   <div class='ocr_carea' id='block_1_9' title="bbox 479 1319 498 1350">
    <p class='ocr_par' dir='ltr' id='par_1_11' title="bbox 479 1319 498 1350">
     <span class='ocr_line' id='line_1_37' title="bbox 479 1319 498 1350; textangle 90"><span class='ocrx_word' id='word_1_209' title='bbox 479 1319 498 1350; x_wconf 62' lang='lat' dir='ltr'><strong>te&gt;</strong></span> 
     </span>
    </p>
   </div>
   <div class='ocr_carea' id='block_1_10' title="bbox 195 1898 1515 1974">
    <p class='ocr_par' dir='ltr' id='par_1_12' title="bbox 195 1898 1515 1974">
     <span class='ocr_line' id='line_1_38' title="bbox 271 1898 1515 1939; baseline 0.002 -13"><span class='ocrx_word' id='word_1_210' title='bbox 271 1900 356 1934; x_wconf 85' lang='lat' dir='ltr'><strong>Trop.</strong></span> <span class='ocrx_word' id='word_1_211' title='bbox 384 1908 435 1925; x_wconf 85' lang='lat' dir='ltr'><strong>ms.</strong></span> <span class='ocrx_word' id='word_1_212' title='bbox 457 1898 648 1934; x_wconf 74' lang='lat' dir='ltr'><strong>Sangallense</strong></span> <span class='ocrx_word' id='word_1_213' title='bbox 678 1908 753 1927; x_wconf 81' lang='lat' dir='ltr'><strong>saec.</strong></span> <span class='ocrx_word' id='word_1_214' title='bbox 777 1898 822 1927; x_wconf 89' lang='grc'><strong>10.</strong></span> <span class='ocrx_word' id='word_1_215' title='bbox 863 1900 932 1927; x_wconf 90' lang='lat' dir='ltr'><strong>Cod.</strong></span> <span class='ocrx_word' id='word_1_216' title='bbox 954 1901 1122 1937; x_wconf 84' lang='lat' dir='ltr'><strong>Sangallen.</strong></span> <span class='ocrx_word' id='word_1_217' title='bbox 1143 1899 1211 1930; x_wconf 83' lang='lat'><strong>484.</strong></span> <span class='ocrx_word' id='word_1_218' title='bbox 1233 1903 1266 1930; x_wconf 81' lang='lat' dir='ltr'><strong>A.</strong></span> <span class='ocrx_word' id='word_1_219' title='bbox 1289 1918 1313 1922; x_wconf 80' lang='grc'>-</span> <span class='ocrx_word' id='word_1_220' title='bbox 1347 1903 1435 1939; x_wconf 89' lang='lat' dir='ltr'><strong>Trop.</strong></span> <span class='ocrx_word' id='word_1_221' title='bbox 1459 1913 1515 1931; x_wconf 88' lang='lat' dir='ltr'><strong>ms.</strong></span> 
     </span>
     <span class='ocr_line' id='line_1_39' title="bbox 195 1936 1406 1974; baseline 0.004 -11"><span class='ocrx_word' id='word_1_222' title='bbox 195 1937 386 1973; x_wconf 58' lang='lat' dir='ltr'><strong>§auganense</strong></span> <span class='ocrx_word' id='word_1_223' title='bbox 407 1946 483 1964; x_wconf 70' lang='lat' dir='ltr'><strong>saec.</strong></span> <span class='ocrx_word' id='word_1_224' title='bbox 507 1936 550 1964; x_wconf 82' lang='lat'><strong>10.</strong></span> <span class='ocrx_word' id='word_1_225' title='bbox 591 1937 662 1965; x_wconf 75' lang='lat' dir='ltr'><strong>eod.</strong></span> <span class='ocrx_word' id='word_1_226' title='bbox 684 1938 844 1974; x_wconf 76' lang='lat' dir='ltr'><strong>Sangallen</strong></span> <span class='ocrx_word' id='word_1_227' title='bbox 864 1936 928 1965; x_wconf 73' lang='lat'><strong>378.</strong></span> <span class='ocrx_word' id='word_1_228' title='bbox 950 1940 982 1966; x_wconf 89' lang='lat' dir='ltr'><strong>B.</strong></span> <span class='ocrx_word' id='word_1_229' title='bbox 1003 1954 1042 1959; x_wconf 82' lang='lat'>—</span> <span class='ocrx_word' id='word_1_230' title='bbox 1061 1938 1079 1967; x_wconf 82' lang='lat'><strong>3</strong></span> <span class='ocrx_word' id='word_1_231' title='bbox 1099 1944 1205 1968; x_wconf 83' lang='lat' dir='ltr'><strong>cuncta</strong></span> <span class='ocrx_word' id='word_1_232' title='bbox 1227 1943 1325 1970; x_wconf 84' lang='lat' dir='ltr'><strong>saecla</strong></span> <span class='ocrx_word' id='word_1_233' title='bbox 1346 1942 1406 1970; x_wconf 81' lang='lat' dir='ltr'><strong>AB.</strong></span> 
     </span>
    </p>
   </div>
   <div class='ocr_carea' id='block_1_11' title="bbox 602 2042 1095 2080">
    <p class='ocr_par' dir='ltr' id='par_1_13' title="bbox 602 2042 1095 2080">
     <span class='ocr_line' id='line_1_40' title="bbox 602 2042 1095 2080; baseline 0.006 -10"><span class='ocrx_word' id='word_1_234' title='bbox 602 2042 648 2070; x_wconf 76' lang='lat'><strong>79.</strong></span> <span class='ocrx_word' id='word_1_235' title='bbox 680 2042 718 2071; x_wconf 93' lang='lat' dir='ltr'><strong>In</strong></span> <span class='ocrx_word' id='word_1_236' title='bbox 739 2042 927 2080; x_wconf 83' lang='lat' dir='ltr'><strong>Epiphania</strong></span> <span class='ocrx_word' id='word_1_237' title='bbox 948 2043 1095 2074; x_wconf 86' lang='lat' dir='ltr'><strong>Domini.</strong></span> 
     </span>
    </p>
   </div>
   <div class='ocr_carea' id='block_1_12' title="bbox 303 2105 1322 2328">
    <p class='ocr_par' dir='ltr' id='par_1_14' title="bbox 303 2105 1322 2328">
     <span class='ocr_line' id='line_1_41' title="bbox 306 2105 1294 2150; baseline 0.005 -12"><span class='ocrx_word' id='word_1_238' title='bbox 306 2108 334 2139; x_wconf 92' lang='lat'><strong>1.</strong></span> <span class='ocrx_word' id='word_1_239' title='bbox 362 2107 458 2145; x_wconf 85' lang='lat' dir='ltr'><strong>Quem</strong></span> <span class='ocrx_word' id='word_1_240' title='bbox 487 2105 599 2138; x_wconf 83' lang='lat' dir='ltr'><strong>chorus</strong></span> <span class='ocrx_word' id='word_1_241' title='bbox 625 2107 790 2147; x_wconf 82' lang='lat' dir='ltr'><strong>angelicus</strong></span> <span class='ocrx_word' id='word_1_242' title='bbox 817 2108 1135 2150; x_wconf 78' lang='lat' dir='ltr'><strong>patriarcharumque</strong></span> <span class='ocrx_word' id='word_1_243' title='bbox 1161 2114 1294 2145; x_wconf 83' lang='lat' dir='ltr'><strong>senatus</strong></span> 
     </span>
     <span class='ocr_line' id='line_1_42' title="bbox 366 2154 1241 2199; baseline 0.007 -15"><span class='ocrx_word' id='word_1_244' title='bbox 366 2154 497 2193; x_wconf 87' lang='lat' dir='ltr'><strong>Voxque</strong></span> <span class='ocrx_word' id='word_1_245' title='bbox 522 2154 754 2193; x_wconf 83' lang='lat' dir='ltr'><strong>prophetarum</strong></span> <span class='ocrx_word' id='word_1_246' title='bbox 782 2155 965 2188; x_wconf 88' lang='lat' dir='ltr'><strong>cecinerunt</strong></span> <span class='ocrx_word' id='word_1_247' title='bbox 991 2166 1060 2189; x_wconf 84' lang='lat' dir='ltr'><strong>esse</strong></span> <span class='ocrx_word' id='word_1_248' title='bbox 1087 2157 1241 2199; x_wconf 84' lang='lat' dir='ltr'><strong>futurum,</strong></span> 
     </span>
     <span class='ocr_line' id='line_1_43' title="bbox 441 2198 1046 2237; baseline 0.007 -11"><span class='ocrx_word' id='word_1_249' title='bbox 441 2198 525 2232; x_wconf 82' lang='lat' dir='ltr'><strong>Ecce,</strong></span> <span class='ocrx_word' id='word_1_250' title='bbox 546 2198 668 2228; x_wconf 60' lang='lat' dir='ltr'><strong>acle-enit</strong></span> <span class='ocrx_word' id='word_1_251' title='bbox 687 2200 861 2229; x_wconf 58' lang='lat' dir='ltr'><strong>dominator</strong></span> <span class='ocrx_word' id='word_1_252' title='bbox 882 2201 1046 2237; x_wconf 74' lang='lat' dir='ltr'><strong>Dominus,</strong></span> 
     </span>
     <span class='ocr_line' id='line_1_44' title="bbox 303 2240 1213 2285; baseline 0.008 -13"><span class='ocrx_word' id='word_1_253' title='bbox 303 2241 333 2272; x_wconf 86' lang='lat'><strong>2.</strong></span> <span class='ocrx_word' id='word_1_254' title='bbox 360 2241 471 2280; x_wconf 81' lang='lat' dir='ltr'><strong>Agnus</strong></span> <span class='ocrx_word' id='word_1_255' title='bbox 498 2240 539 2272; x_wconf 89' lang='lat' dir='ltr'><strong>ab</strong></span> <span class='ocrx_word' id='word_1_256' title='bbox 564 2250 638 2273; x_wconf 82' lang='lat' dir='ltr'><strong>arce</strong></span> <span class='ocrx_word' id='word_1_257' title='bbox 666 2240 733 2280; x_wconf 89' lang='lat' dir='ltr'><strong>poli</strong></span> <span class='ocrx_word' id='word_1_258' title='bbox 760 2246 924 2282; x_wconf 81' lang='lat' dir='ltr'><strong>peccatum</strong></span> <span class='ocrx_word' id='word_1_259' title='bbox 951 2243 1064 2276; x_wconf 88' lang='lat' dir='ltr'><strong>tollere</strong></span> <span class='ocrx_word' id='word_1_260' title='bbox 1090 2243 1213 2285; x_wconf 82' lang='lat' dir='ltr'><strong>mundi,</strong></span> 
     </span>
     <span class='ocr_line' id='line_1_45' title="bbox 440 2284 1322 2328; baseline 0.008 -15"><span class='ocrx_word' id='word_1_261' title='bbox 440 2284 483 2313; x_wconf 74' lang='lat' dir='ltr'><strong>Et</strong></span> <span class='ocrx_word' id='word_1_262' title='bbox 502 2293 624 2322; x_wconf 74' lang='lat' dir='ltr'><strong>reqnum</strong></span> <span class='ocrx_word' id='word_1_263' title='bbox 648 2287 681 2315; x_wconf 79' lang='lat' dir='ltr'><strong>in</strong></span> <span class='ocrx_word' id='word_1_264' title='bbox 704 2296 798 2316; x_wconf 78' lang='lat' dir='ltr'><strong>mmm</strong></span> <span class='ocrx_word' id='word_1_265' title='bbox 819 2288 883 2316; x_wconf 82' lang='lat' dir='ltr'><strong>eius</strong></span> <span class='ocrx_word' id='word_1_266' title='bbox 903 2291 931 2318; x_wconf 81' lang='lat' dir='ltr'><strong>et</strong></span> <span class='ocrx_word' id='word_1_267' title='bbox 950 2292 1086 2325; x_wconf 78' lang='lat' dir='ltr'><strong>potestas</strong></span> <span class='ocrx_word' id='word_1_268' title='bbox 1106 2293 1132 2319; x_wconf 78' lang='lat' dir='ltr'><strong>et</strong></span> <span class='ocrx_word' id='word_1_269' title='bbox 1154 2291 1322 2328; x_wconf 75' lang='lat' dir='ltr'><strong>imperium.</strong></span> 
     </span>
    </p>
   </div>
   <div class='ocr_carea' id='block_1_13' title="bbox 194 2344 1516 2426">
    <p class='ocr_par' dir='ltr' id='par_1_15' title="bbox 194 2344 1516 2426">
     <span class='ocr_line' id='line_1_46' title="bbox 269 2344 1516 2385; baseline 0.008 -15"><span class='ocrx_word' id='word_1_270' title='bbox 269 2344 358 2380; x_wconf 79' lang='lat' dir='ltr'><strong>Trop.</strong></span> <span class='ocrx_word' id='word_1_271' title='bbox 384 2353 438 2371; x_wconf 85' lang='lat' dir='ltr'><strong>ms.</strong></span> <span class='ocrx_word' id='word_1_272' title='bbox 466 2345 614 2380; x_wconf 59' lang='lat' dir='ltr'><strong>Augfiense</strong></span> <span class='ocrx_word' id='word_1_273' title='bbox 636 2354 712 2373; x_wconf 81' lang='lat' dir='ltr'><strong>saec.</strong></span> <span class='ocrx_word' id='word_1_274' title='bbox 740 2344 783 2374; x_wconf 85' lang='lat'><strong>10.</strong></span> <span class='ocrx_word' id='word_1_275' title='bbox 824 2346 893 2374; x_wconf 83' lang='lat' dir='ltr'><strong>Cod.</strong></span> <span class='ocrx_word' id='word_1_276' title='bbox 916 2348 1107 2385; x_wconf 86' lang='lat' dir='ltr'><strong>Bambergen.</strong></span> <span class='ocrx_word' id='word_1_277' title='bbox 1125 2350 1182 2378; x_wconf 76' lang='lat' dir='ltr'><strong>Ed.</strong></span> <span class='ocrx_word' id='word_1_278' title='bbox 1203 2351 1230 2377; x_wconf 89' lang='lat' dir='ltr'><strong>V</strong></span> <span class='ocrx_word' id='word_1_279' title='bbox 1259 2348 1286 2378; x_wconf 81' lang='lat'><strong>9.</strong></span> <span class='ocrx_word' id='word_1_280' title='bbox 1307 2365 1346 2370; x_wconf 92' lang='lat'>—</span> <span class='ocrx_word' id='word_1_281' title='bbox 1365 2352 1442 2380; x_wconf 82' lang='lat' dir='ltr'><strong>Dort</strong></span> <span class='ocrx_word' id='word_1_282' title='bbox 1470 2351 1516 2380; x_wconf 71' lang='lat' dir='ltr'><strong>als</strong></span> 
     </span>
     <span class='ocr_line' id='line_1_47' title="bbox 194 2382 1516 2426; baseline 0.008 -17"><span class='ocrx_word' id='word_1_283' title='bbox 194 2383 260 2414; x_wconf 68' lang='lat' dir='ltr'><strong>..Ad</strong></span> <span class='ocrx_word' id='word_1_284' title='bbox 281 2382 537 2418; x_wconf 86' lang='lat' dir='ltr'><strong>Repetendum</strong></span> <span class='ocrx_word' id='word_1_285' title='bbox 558 2384 632 2411; x_wconf 89' lang='lat' dir='ltr'><strong>nach</strong></span> <span class='ocrx_word' id='word_1_286' title='bbox 654 2384 717 2412; x_wconf 88' lang='lat' dir='ltr'><strong>dem</strong></span> <span class='ocrx_word' id='word_1_287' title='bbox 739 2385 928 2421; x_wconf 79' lang='lat' dir='ltr'><strong>prosaischen</strong></span> <span class='ocrx_word' id='word_1_288' title='bbox 949 2388 1063 2423; x_wconf 86' lang='lat' dir='ltr'><strong>Tropus</strong></span> <span class='ocrx_word' id='word_1_289' title='bbox 1085 2388 1301 2424; x_wconf 83' lang='lat' dir='ltr'><strong>„Ecclesiae</strong></span> <span class='ocrx_word' id='word_1_290' title='bbox 1322 2388 1516 2426; x_wconf 79' lang='lat' dir='ltr'><strong>sponsus“.</strong></span> 
     </span>
    </p>
   </div>
   <div class='ocr_carea' id='block_1_14' title="bbox 1588 0 1653 566">
    <p class='ocr_par' dir='ltr' id='par_1_16' title="bbox 1588 0 1653 566">
     <span class='ocr_line' id='line_1_48' title="bbox 1588 0 1653 566; baseline 0 2123"><span class='ocrx_word' id='word_1_291' title='bbox 1588 0 1653 566; x_wconf 95' lang='lat' dir='ltr'><strong> </strong></span> 
     </span>
    </p>
   </div>
  </div>
 </body>
</html>
