1653 2689
699 101 960 136 —275—

586 212 655 244 5⁶26.
688 214 726 244 In
747 213 859 244 sancti
879 214 1066 245 Martialis.

167 360 228 392 2a.
265 359 323 399 Te,
351 358 480 392 Christe
506 368 574 402 rex,
601 359 736 392 laudant

264 407 391 447 agmina
414 407 502 439 laeta

263 455 296 487 in
322 455 382 487 hac
407 460 519 487 sancta
544 456 630 495 aula,

168 525 187 554 3
201 531 230 555 a.
266 522 303 554 In
326 531 423 554 came
440 531 600 563 apparens
617 522 650 554 in
668 522 799 564 Iudaea,

263 578 332 611 rex,
359 570 555 610 praedicasti

262 618 336 657 ipsa
358 619 544 658 praesentia
569 622 639 658 tna,

167 686 228 716 4a.
266 685 336 716 Lux
361 685 589 728 apostolorum,

266 743 330 772 pax
357 741 444 772 vera,
472 733 513 764 da

264 781 357 812 nobis
383 780 630 821 indulgentiam,

721 294 752 327 1.
789 292 963 335 Alleluia;

859 360 921 394 2b.
956 361 1105 401 Regnans
1132 361 1327 401 sempiterna

954 409 987 441 in
1013 409 1114 450 gloria

955 456 1098 496 potentia
1124 465 1194 488 cum
1219 464 1354 490 summa.

861 522 921 556 3b.
960 523 1056 556 Clara
1082 523 1216 556 victoria
1240 525 1302 556 iam
1330 524 1487 564 completa

955 569 1138 603 laetificasti

958 619 1186 658 discipulorum
1218 623 1343 651 tuorum
1374 619 1486 653 corda.

860 685 921 718 4b.
959 685 1107 718 Concede
1131 689 1309 726 temporum

955 743 1077 773 pacem,
1104 740 1233 773 praesta

955 786 1118 814 aeternam
1144 783 1297 821 patriam.

245 856 334 892 Trop.
364 865 415 883 ms.
435 857 628 884 Martialense
656 864 731 884 saec.
761 855 805 884 ll.
846 857 916 884 cod.
938 857 1065 884 Parisin.
1092 855 1156 884 909.
1178 873 1213 875 —
1237 858 1399 885 Verwoben
1422 858 1488 885 sind

166 894 377 967 ldlix-eselssgoeirsus
399 896 429 920 in
451 894 497 922 die
513 897 646 930 Sequenz
670 895 951 931 „Apostolorum
972 895 1160 930 gloriosa⁴¹
1182 895 1276 927 (Anal.
1294 897 1403 931 Hymn.
1420 898 1487 931 VII,

600 1026 669 1056 527.
701 1027 739 1056 In
761 1026 873 1057 sancti
895 1027 1050 1057 Martini.

708 1107 737 1139 1.
777 1105 929 1142 Alleluia
941 1119 947 1145 ;

169 1173 227 1204 2a.
262 1172 357 1204 Sidus
383 1181 524 1212 aureum,

265 1229 388 1260 gemma
413 1221 616 1252 sacerdotum

265 1272 295 1299 et
323 1269 377 1300 lux
404 1269 613 1307 saeculorum,

169 1337 229 1368 321.
268 1335 332 1368 Ubi
358 1335 525 1376 prophetis
553 1344 693 1375 compar,

263 1388 358 1422 pater
384 1387 504 1421 sancte,

263 1431 423 1471 tripudias
451 1440 519 1462 cum
545 1430 660 1472 gloria.

164 1500 226 1530 4a.
260 1499 329 1537 Quo
354 1502 409 1530 tua
432 1507 528 1537 prece
553 1500 664 1530 saneta

263 1546 514 1578 conscendentes
539 1553 659 1586 supera

860 1172 920 1205 2b.
958 1173 1103 1204 Vernaus
1129 1174 1161 1204 in
1187 1174 1259 1205 aula

956 1221 1035 1252 caeli
1061 1221 1153 1252 simul
1180 1222 1281 1253 omnis

954 1268 1121 1308 adplaudit
1149 1269 1278 1302 chorea.

859 1334 921 1367 3b.
959 1335 1060 1366 Voces
1086 1334 1161 1366 inde
1188 1344 1269 1366 nuuc
1297 1341 1432 1368 nostras.

952 1382 1142 1423 flagitamus,

954 1430 1070 1462 exaudi
1096 1430 1302 1467 humillimas,

855 1496 918 1530 4b.
953 1497 1124 1529 Laetamur
1149 1498 1293 1529 exornati

952 1546 1207 1577 immarcescenti
1234 1546 1356 1578 laurea.

240 1632 322 1658 Miss.
345 1640 397 1658 ms.
412 1631 549 1658 Eduense
564 1639 639 1658 saec.
658 1629 700 1658 14.
735 1630 804 1658 Cod.
821 1630 930 1658 Semin.
945 1631 1058 1658 Eduen.
1082 1628 1143 1657 121.
1160 1646 1197 1649 —-
1214 1631 1343 1658 KVc->itere
1361 1632 1485 1665 Quellen

163 1679 186 1697 s.
208 1670 296 1697 Anal.
320 1671 429 1705 Hymn.
452 1671 594 1701 XXXIX,
621 1669 672 1696 Nr.
694 1667 764 1701 260,
793 1670 840 1697 bei
862 1669 913 1696 der
935 1671 1067 1705 Sequenz
1092 1670 1236 1703 „Laude
1264 1670 1485 1705 praecelsa&

162 1709 226 1735 Nur
253 1709 297 1736 als
326 1710 356 1735 in
385 1708 464 1735 diese
487 1709 619 1744 Sequenz
646 1709 803 1736 verwoben
824 1708 863 1734 ist
884 1709 940 1735 mir
960 1707 1153 1735 vorstehende
1177 1709 1326 1743 [›icl·t=1ng
1347 1709 1485 1737 bekannt.

162 1747 306 1775 Melodie:
347 1747 531 1783 „Fulgens
565 1744 799 1783 praeclara“‚
841 1745 931 1773 daher
964 1745 1060 1782 gleich
1094 1747 1203 1782 gebaut
1237 1748 1290 1773 wie
1327 1749 1420 1782 „Rex
1452 1750 1486 1775 in

162 1786 374 1813 aeternum“
397 1784 458 1817 (Nr.
480 1783 554 1818 516).

608 1879 678 1910 528.
709 1880 747 1909 In
769 1879 880 1910 sancti
901 1880 1033 1911 Pontii.

704 1961 721 1994 1
728 1986 735 1993 .
773 1959 929 1996 Alleluia
942 1972 949 1999 ς

859 2027 921 2062 2b.
956 2029 1072 2060 Annua
1098 2032 1209 2060 sancta

953 2076 1104 2116 martyris
1131 2086 1201 2108 nam
1230 2076 1311 2109 festa

953 2124 1059 2156 Pontii
1086 2124 1182 2156 laeta.

161 2030 222 2062 2a.
259 2028 413 2061 Carmina
439 2027 570 2059 laudum

257 2077 384 2116 suscipe
409 2076 604 2119 redemptor,

257 2124 298 2157 ab
324 2132 399 2156 arce
425 2132 585 2165 superum

160 2194 221 2226 3a.
257 2192 354 2225 Ortus
380 2191 412 2224 in
439 2191 594 2223 Romulea
857 2191 918 2224 3b.
955 2191 1041 2224 Urbs
1069 2191 1215 2223 vertebat
1241 2191 1378 2223 orbitam

256 2241 339 2273 urbe
361 2239 453 2272 fulsit
477 2238 650 2280 splendida
953 2240 1054 2272 Roma
1080 2248 1149 2270 cum
1176 2240 1375 2272 millesimam

255 2294 291 2321 ut
315 2290 459 2328 lucerna,
952 2288 1184 2321 monarchiam.

156 2360 215 2392 4a.
251 2358 500 2390 Tormentorum
527 2363 646 2396 genera
856 2355 918 2389 4b.
955 2357 1079 2398 Regnat
1106 2356 1315 2396 triumphalia

253 2410 409 2447 superata
435 2404 544 2438 omnia
954 2405 1121 2437 redimitus
1148 2406 1272 2439 trabea,

1255 2460 1313 2489 13*
