1653 2689
677 122 722 128 -
771 101 841 138 328
892 119 935 125 ——
1228 68 1230 70 v
1340 102 1389 118 *ἢ

599 244 668 275 650.
699 244 739 273 In
760 241 870 274 sancti
891 240 1013 271 nocui.

177 333 217 370 A.
243 335 357 368 Exora
383 335 564 368 Dominum
591 344 654 374 pro
683 331 792 372 plebe,·
826 339 906 363 sane
931 330 1030 371 dabit,
1065 327 1226 368 quidquid
1249 327 1466 368 offlam-emm

248 386 277 416 te
305 383 465 415 medic-um
490 382 595 414 mitem
621 381 713 414 nobis
732 379 871 420 praebe,
907 377 1014 410 tollere
1039 375 1144 410 clades
1169 378 1198 409 et
1221 384 1263 407 ne
1287 373 1470 407 tardaveris

155 450 216 484 la.
251 447 305 484 Ab
330 450 390 481 hac
416 449 537 481 familia
841 445 904 477 lb.
934 445 980 478 Ut
1005 443 1046 476 ab
1070 441 1150 475 urbe
1175 442 1276 474 Roma

252 506 321 529 cum
346 496 520 538 provincia,
934 496 966 523 et
991 492 1086 524 Italia

157 567 217 599 2a.
251 565 357 603 Atque
387 563 505 594 Cesena
842 559 904 592 2b.
934 560 964 591 A
991 558 1163 591 Germania

254 620 322 643 cum
350 610 523 648 Placentia,
937 612 967 638 et
995 605 1181 640 constantia

158 680 220 712 3a.
253 678 301 710 Tu
327 678 420 718 longe
445 675 549 708 fecisti
843 674 904 707 3b.
935 673 1076 711 Diraque
1101 672 1237 704 servasti

253 734 312 765 per
335 725 515 764 praeconia,
935 720 1131 760 pestiientia‚

621 790 654 822 4.
681 789 779 820 Sacer
804 788 922 830 Rome,

677 835 738 875 fac,
765 845 785 866 α
811 836 913 868 nobis.

238 934 320 960 Miss.
350 932 541 959 Atrebatense
570 933 639 967 imp.
662 928 843 966 [Rotomagi]
866 927 946 957 1508.
968 930 1002 956 A.
1024 943 1062 948 -—
1083 928 1165 955 Miss.
1184 927 1378 955 Atrebatense
1406 927 1477 962 imp.

158 969 329 1007 [Rotomagi
354 969 445 1005 1518J.
467 970 499 996 B.
522 985 557 990 -—
579 970 611 1002 A,
637 968 649 996 1
672 969 803 996 Exorare
824 968 884 995 AB.

569 1101 637 1131 651.
670 1100 708 1130 ln
729 1099 840 1130 sancti
862 1098 1068 1130 sebastiani.

193 1189 234 1225 A.
260 1192 393 1231 Murtyr
419 1191 547 1232 eqreqie,
944 1187 1072 1220 Athleta
1097 1187 1184 1226 fidei,

260 1238 367 1271 Decus
392 1238 537 1274 militiae,
944 1234 1010 1267 Ora
1037 1238 1153 1267 natum
1177 1233 1253 1274 Dei,

443 1286 485 1318 Ut
509 1287 632 1318 auertat
657 1294 678 1316 α
701 1283 794 1316 nobis
819 1283 1075 1323 indigmationem
1101 1291 1208 1314 suam.

170 1354 229 1385 la.
264 1352 401 1391 Martyr‚
429 1350 575 1391 suffragia
854 1348 916 1382 lb.
948 1348 991 1380 Ut
1017 1347 1176 1388 epidemia

263 1398 400 1431 Effunde
425 1400 489 1438 pia,
946 1395 1019 1428 Non
1046 1395 1086 1426 sit
1113 1394 1207 1426 noxia

170 1469 229 1500 2a.
265 1467 302 1498 In
328 1465 386 1497 hac
413 1466 516 1505 patria
662 1480 668 1485 ·
855 1463 914 1497 2b.
945 1463 1032 1502 Quae
1057 1461 1200 1493 subsidia

266 1516 329 1546 Aut
356 1514 388 1545 in
413 1513 486 1549 alia,
949 1510 1101 1549 Deposcit
1128 1514 1191 1542 tua.

173 1582 231 1614 33..
266 1579 352 1612 Audi
377 1579 453 1611 talia
857 1576 919 1610 3b.
951 1576 1021 1609 Hac
1047 1584 1142 1616 prece
1168 1575 1221 1616 pia

269 1627 316 1659 Tu
341 1627 520 1666 praeconia.
951 1624 1075 1656 Dentur
1100 1624 1253 1663 praemia,

665 1694 699 1725 4.
724 1692 830 1730 Miles,
857 1691 916 1728 eia,

723 1739 825 1772 nobis.

251 1826 338 1854 Grad.
368 1835 419 1852 ms,
442 1825 664 1860 Salisburgense
686 1832 760 1851 saec.
786 1822 827 1851 15.
868 1823 937 1851 Coti.
959 1823 1162 1851 vindobonen.
1184 1820 1268 1850 3787.
1291 1823 1324 1850 A.
1346 1837 1384 1841 ——
1404 1823 1490 1850 Miss.

175 1875 227 1894 ms.
251 1866 280 1892 S.
302 1866 379 1892 Petri
404 1863 636 1898 salisburgensis
658 1863 726 1888 anni
752 1860 831 1888 1603.
853 1861 1007 1897 Appendix
1028 1862 1110 1888 Miss.
1127 1862 1251 1889 Romani
1272 1863 1340 1897 imp.
1356 1861 1490 1889 Venetiis

178 1902 261 1932 1:313.
301 1903 371 1930 Cod.
399 1902 508 1929 Petrin.
537 1901 555 1928 S
578 1902 606 1928 11
630 1899 697 1927 14³.
721 1901 752 1926 12.
775 1914 810 1918 —
833 1900 963 1927 oration.
992 1908 1044 1926 ms.
1066 1900 1213 1927 Gallicum
1234 1907 1309 1926 saec.
1336 1898 1378 1926 15.
1420 1899 1490 1926 cod.

177 1944 273 1978 Capit.
301 1940 477 1976 Strigouien.
505 1940 560 1967 Ms.
588 1939 633 1966 111
662 1937 724 1965 176.
747 1939 777 1965 C.
801 1954 835 1958 —
855 1939 937 1965 Miss.
966 1947 1017 1965 ms.
1039 1938 1207 1966 Senonense
1235 1946 1310 1965 saec.
1336 1937 1378 1965 15.
1421 1937 1491 1965 cod.

176 1981 304 2010 Parisin.
331 1977 394 2007 880.
424 1977 450 2005 2.
471 1978 507 2005 D.
530 1992 565 1995 —
586 1978 668 2004 Miss.
691 1978 845 2004 Briocense
873 1978 942 2010 imp.
963 1977 1119 2011 Rotomagi
1147 1985 1169 2004 s.
1197 1984 1223 2002 a.
1246 1973 1378 2012 [1502?].
1398 1975 1434 2003 Ε.
1455 1990 1493 1994 -

178 2021 261 2048 Miss.
289 2018 491 2044 Altrebatense
521 2016 591 2051 imp.
618 2011 800 2051 [Rotomagi]
830 2012 911 2042 1508.
938 2015 970 2040 F.
997 2029 1033 2033 —
1060 2015 1144 2041 Miss.
1173 2015 1393 2042 Cenomanense
1421 2015 1494 2050 imp.

177 2057 302 2086 Parisiis
327 2053 407 2082 1517.
428 2054 462 2081 G.
482 2068 519 2073 —
539 2054 620 2080 Miss.
643 2054 828 2087 Lingonense
850 2054 917 2087 imp.
933 2053 1033 2080 Trecis
1057 2051 1139 2080 1520.
1154 2053 1191 2080 H.
1207 2067 1244 2072 —
1260 2053 1341 2080 Miss.
1358 2053 1492 2080 Lausau-

179 2104 269 2124 nense
294 2096 363 2130 imp.
390 2093 527 2127 Lugduni
558 2089 638 2118 1522.
659 2091 681 2117 I.
702 2104 738 2109 —
759 2091 841 2117 Miss.
862 2091 1033 2118 Redonense
1058 2093 1126 2127 imp.
1148 2092 1272 2118 Parisiis
1295 2088 1376 2118 1523.
1398 2091 1435 2119 Κ.
1456 2105 1494 2110 -—

181 2136 264 2162 Miss.
286 2132 468 2160 Lexovieuse
490 2132 557 2165 imp.
580 2131 610 2156 in
631 2130 723 2156 Ponte
744 2128 901 2156 Audomari
928 2127 1007 2156 1547.
1029 2130 1062 2156 L.
1084 2144 1120 2148 —-
1141 2131 1224 2157 Miss.
1239 2129 1401 2157 Baiocense
1423 2130 1492 2165 imp.

180 2172 306 2200 Parissiis
331 2168 410 2198 1584.
432 2170 470 2197 M.
492 2183 529 2187 —
549 2169 630 2196 Miss.
651 2167 928 2194 Fontisebraldense
955 2169 1022 2202 imp.
1044 2169 1168 2195 Parisiis
1193 2165 1272 2195 1606.
1295 2167 1330 2194 N.
1352 2182 1391 2186 —-
1411 2168 1494 2195 Miss.

183 2211 212 2238 S.
243 2209 341 2245 Ruphi
370 2208 526 2236 Valentiae
556 2208 624 2242 imp.
654 2206 810 2233 Valentiae
842 2203 924 2233 1508.
950 2206 983 2233 O.
1010 2220 1048 2225 -—
1075 2207 1157 2234 Miss.
1186 2207 1495 2241 Caesaraugustanum

183 2251 252 2284 imp.
277 2246 518 2283 Caesaraugustis
541 2242 621 2272 1531.
643 2244 675 2271 P.
698 2259 736 2262 ——
755 2243 838 2270 Miss.
859 2244 1023 2271 Romanum
1043 2246 1112 2280 imp.
1132 2244 1271 2281 Lugduni
1290 2242 1372 2271 1535.
1392 2244 1428 2278 Q.

260 2288 300 2319 A,
329 2284 347 2313 2
373 2287 470 2313 Decus
497 2284 627 2311 iustitiae
653 2282 716 2310 ΕΚ.
737 2295 773 2301 -
800 2282 840 2314 A,
868 2280 886 2309 3
911 2281 1029 2309 Athleta
1057 2283 1113 2310 Dei
1137 2283 1190 2316 11²3
1218 2281 1274 2309 fide
1294 2281 1330 2309 N.
1351 2296 1388 2301 —-
1410 2284 1453 2315 A,
1476 2281 1496 2310 4

181 2327 243 2354 Ora
263 2326 320 2353 Dei
347 2327 447 2352 natum
474 2322 519 2350 IP.
542 2337 578 2342 —
605 2322 646 2350 A.
676 2319 694 2348 5
715 2321 755 2348 Ut
781 2321 907 2356 benigue
934 2324 1047 2348 avertat
1068 2321 1111 2354 A3
1137 2321 1178 2349 Ut
1205 2320 1318 2348 auferat
1339 2321 1364 2354 Q
1414 2321 1449 2348 In
1470 2320 1496 2348 G

183 2366 223 2393 ist
243 2365 323 2392 diese
338 2363 425 2392 Zeile,
447 2360 556 2389 welche
571 2359 707 2387 sichtlich
721 2367 774 2386 aus
790 2358 854 2385 dem
870 2358 1055 2386 offertorium
1072 2356 1273 2393 „Recordare“
1288 2358 1349 2392 (cfr.
1364 2358 1414 2386 ΝΥ.
1429 2357 1498 2391 364)

184 2402 318 2432 entlehut
337 2401 443 2435 wurde,
465 2398 555 2428 durch
576 2399 647 2426 zwei
668 2397 814 2426 reimende
836 2397 926 2425 verse
949 2401 1067 2425 ersetzt:
