1653 2689
0 74 334 114 *ww
648 138 691 144 —
744 118 811 155 175
861 136 908 142 -
1189 70 1203 89 ’

192 210 315 242 colleet.
339 220 393 240 ms.
413 212 613 249 Anglicumffi
641 222 718 243 saec.
741 213 784 243 13.
807 214 1034 250 (fragmentum.)
1073 214 1143 242 Cod.
1165 215 1329 243 Londinen.
1351 215 1436 243 Harl-

118 249 202 281 1010.
221 265 261 271 —
285 249 314 284 1,
341 249 360 279 6
379 250 459 280 Divo
482 251 563 280 fehlt.
585 267 623 272 —
643 250 674 286 2,
695 250 714 280 2
733 253 859 282 Nostrae
879 253 1098 289 redemptionis.
1121 268 1159 272 —
1178 251 1196 280 9
1217 255 1321 281 isione.
1342 268 1380 272 —
1402 252 1437 282 17

114 291 210 358 {fiatis
237 288 310 317 dire.
330 302 370 308 —
389 286 428 317 22
449 299 516 318 ecce
536 291 568 318 in
589 293 707 319 temnis.
730 306 764 310 —
787 289 824 318 27
845 301 917 328 pure
938 295 1065 327 pectora.
1088 307 1120 312 —
1145 289 1182 319 29
1203 291 1378 319 Tollentem.
1400 306 1438 312 --

185 326 325 357 Confixus
357 328 477 356 clausus
509 333 545 357 et.
577 345 615 350 —
646 328 682 357 37
713 330 845 358 frabrice.
882 345 916 348 —
946 327 983 358 39
1013 338 1114 358 omues
1142 330 1252 358 mundi.
1279 344 1316 350 —
1341 329 1395 364 40,
1420 328 1438 357 2

115 366 275 396 Felicitati.
306 379 343 384 —
373 365 416 394 Es
448 367 522 403 folgt
553 369 629 396 noch
656 376 703 395 am
732 369 884 397 Schlusse:
914 370 971 403 Qui
998 370 1144 396 concessit
1170 377 1223 396 nos
1254 369 1374 396 salvari.
1402 383 1437 387 —

115 404 268 434 Abschrift
294 413 354 431 von
382 405 549 433 Baunister.
576 422 613 426 ——
638 407 812 443 Abgesehen
839 415 898 434 von
926 407 1044 442 einigen
1071 408 1204 444 wenigeu
1224 408 1338 434 Versen
1363 407 1438 439 sind,

116 444 174 472 wie
195 444 238 472 ofl:
257 443 306 470 bei
326 443 383 471 den
397 444 552 472 farcierten
574 444 720 481 Epistola,
741 454 797 473 nur
817 446 934 482 Anfang
955 447 1014 473 und
1032 445 1149 473 Schluss
1171 445 1367 480 rhythmisch3
1391 446 1439 473 die

118 481 248 511 anderen
267 482 532 517 Einschiebungen
551 482 650 510 haben
671 485 742 512 aber
763 484 893 511 dadurch
915 486 963 511 ein
984 485 1160 512 besonderes
1181 484 1345 514 Interesse,
1374 484 1438 511 dass

118 522 162 549 sie
187 529 242 549 aus
262 520 319 548 den
339 521 678 557 verschiedenartigsten
698 522 893 558 liturgischen
915 523 1045 550 Gebeten
1068 522 1128 550 und
1149 522 1354 558 Diehtungen,
1384 523 1438 549 wie

116 559 528 596 Kyrie—Tropen‚Ve1-beten
556 560 615 587 und
645 561 824 588 namentlich
852 560 1023 596 Sequenzen
1051 561 1184 588 entlehnt
1211 560 1286 588 sind.
1313 575 1350 581 -
1379 561 1439 588 Der

116 599 195 626 Text
213 598 266 626 der
287 597 405 633 Epistel
427 599 466 625 ist
487 598 592 631 Isaias,
614 606 677 633 cap.
699 596 745 634 52,
766 608 793 625 v.
815 597 919 626 6-10,

493 758 562 789 385.
593 759 631 789 In
653 759 754 790 nocte
775 759 908 790 Natalis
929 759 1066 790 Domini

549 820 586 845 in
616 819 653 846 1ἷι
680 820 795 846 missa
823 819 1002 855 epistola.

117 913 228 945 Lectio
249 912 394 951 epistolae
414 913 491 943 beati
510 913 610 942 Pauli
630 912 762 950 apostoli
783 912 824 941 (nl
846 911 958 942 Titum.
1002 913 1178 948 Car1·s.c1'me,

399 955 429 987 1.
470 954 674 987 Gaudeamus

518 1011 600 1034 nova
626 1011 695 1033 cum
722 1002 864 1042 laetitia;

118 1047 269 1086 apparuit
295 1048 398 1085 qratia
419 1046 494 1082 Dei,
520 1046 683 1076 salvatoris
705 1047 817 1081 nostri,
839 1047 980 1076 omnibus
1001 1047 1188 1077 hominibus.
1213 1047 1353 1076 erudiens
1374 1056 1440 1076 nos.

400 1090 431 1122 2.
471 1088 588 1128 Fulget
613 1088 681 1119 dies
707 1088 863 1119 hodierna

471 1136 556 1169 Nata
582 1136 653 1167 luce
679 1136 875 1177 sempiterna

469 1184 563 1216 Nova
589 1184 666 1223 dieS,
696 1180 714 1200 *
742 1193 836 1222 nova,
864 1182 1020 1223 natalitia,

470 1231 579 1264 Novus
605 1241 716 1271 annus⁷
746 1228 764 1248 *
792 1240 874 1263 nova
900 1230 978 1262 haec
1003 1230 1187 1272 sollemnia3

469 1279 563 1312 Nova
590 1279 704 1310 decent
729 1279 856 1319 gaudia,

469 1327 562 1360 Nova
588 1327 718 1359 laudum
745 1327 882 1360 cantica.

116 1375 152 1403 ut
181 1372 361 1410 abnegantes
392 1373 571 1410 impietatem
601 1376 626 1401 et
657 1372 830 1401 saecularia
861 1370 1010 1400 desideria
1043 1370 1139 1399 sobrie
1170 1373 1195 1400 et
1226 1371 1304 1399 iuste
1335 1374 1361 1400 et
1386 1372 1440 1408 pie

117 1412 258 1442 vivamus
279 1411 314 1440 in
335 1410 391 1441 hoc
411 1411 540 1440 saeculo.

403 1454 421 1466 n

402 1466 433 1486 ο.
473 1452 622 1492 Quisquis
647 1451 785 1483 necteris
812 1455 913 1490 reatu,

473 1499 587 1533 Gaude
612 1504 719 1532 tamen
743 1503 834 1531 tanto
859 1502 975 1539 partu,

472 1548 548 1581 Eris
574 1549 656 1579 enim
686 1544 704 1564 *
732 1547 789 1578 sub
816 1546 941 1586 peccati
967 1546 1074 1578 reditu

474 1595 573 1628 Liber
598 1599 709 1628 sancto
737 1592 756 1611 *
783 1594 943 1626 liberante
969 1594 1095 1635 spiritu.

472 1645 544 1678 Hoc
569 1644 696 1676 exsulta
721 1643 845 1675 monitu

472 1691 585 1724 Novae
610 1692 698 1724 vocis
725 1692 843 1730 sonitu,

120 1740 326 1776 exspectantes
358 1737 474 1766 beatam>
504 1746 586 1775 spem
615 1741 640 1767 et
669 1737 828 1766 adventum
857 1736 972 1773 yloriae
1003 1736 1106 1772 mayni
1137 1735 1196 1764 Dei
1223 1739 1249 1765 et
1277 1736 1440 1765 salvatoris

120 1777 223 1806 nostri
243 1775 316 1806 Iesu
337 1775 460 1805 Christi.

402 1819 434 1852 4.
471 1817 613 1857 speciali
638 1818 742 1857 gaude
769 1817 875 1855 choro,

472 1866 619 1899 Maritali
643 1865 753 1897 iuncta
778 1865 891 1904 th0r03

474 1915 538 1947 Suo
562 1913 648 1947 Deus
675 1910 694 1930 *
723 1913 918 1954 sempiterno
944 1912 1009 1944 filio

471 1962 653 1995 Ecclesiam
680 1958 698 1978 *
726 1961 856 2001 copulat
882 1959 1030 1993 conubio.

472 2011 622 2051 Viduam,
649 2010 787 2042 Domino

474 2061 587 2092 Annae
613 2058 717 2100 gaude
743 2058 870 2099 gaudio,

124 2104 181 2144 qui
201 2104 282 2135 dedit
302 2104 493 2143 semetipsum
509 2113 570 2142 pro
589 2104 688 2139 uobis,
709 2106 743 2133 ut
763 2112 820 2132 uos
842 2102 996 2132 redimeret
1017 2103 1055 2133 ab
1076 2103 1158 2132 omni
1178 2101 1349 2138 iniquitate.

404 2148 436 2180 5.
475 2146 586 2180 Omnis
612 2155 687 2186 ergo
713 2150 812 2186 aetas,
841 2145 956 2186 gaude,

474 2194 540 2227 Sed
565 2198 610 2235 tu,
636 2194 738 2236 virgo,
763 2194 853 2234 prius
879 2192 1008 2234 plaude,

475 2242 574 2284 virgo
599 2243 685 2284 parit
713 2240 731 2259 *
758 2241 859 2274 filium
885 2241 1096 2284 prudentiae3

474 2290 602 2323 Novum
624 2290 741 2324 mirum
769 2287 787 2307 *
816 2299 915 2331 genus
940 2290 1001 2322 hoe
1026 2288 1200 2331 potentiae,

474 2339 603 2381 Partus,
630 2348 714 2382 ecee,
741 2337 879 2372 feminae

473 2386 549 2422 Sine
574 2387 636 2420 viri
661 2387 792 2425 semine,

120 2436 160 2464 ut
180 2432 344 2463 mwndaret
365 2431 428 2463 sibi
443 2432 597 2471 populum
617 2433 836 2471 acceptabilem,
858 2434 1032 2463 sectatorem
1055 2431 1200 2461 bonorum
1222 2439 1352 2468 operum.
