1653 2689
1045 196 1062 213 -⁴
1081 203 1120 217 ...ι

653 247 721 278 768.
753 247 803 279 De
823 246 945 278 sancto
966 216 1141 287 Gaffiiqss.
1163 240 1222 272 ’”.·’
1240 263 1246 285 f
1275 251 1346 284 ἢ..

251 338 282 371 1.
309 337 334 371 Ο
361 337 505 377 Gabriel,
939 339 971 370 2.
998 335 1066 368 Fac
1091 344 1150 369 nos
1175 335 1269 368 mites

355 384 466 418 refove
491 384 624 423 flebiles,
1045 392 1174 424 semper
1199 387 1232 416 et
1257 382 1392 416 humiles

309 434 433 475 Aegros
458 442 546 473 sana,
997 432 1042 465 Et
1064 433 1100 464 in
1123 431 1190 464 fide

358 480 504 514 conforta
531 480 665 515 debiles.
748 483 750 485 ’
1045 479 1146 512 fortes
1173 482 1205 512 et
1228 477 1373 512 stabiles.

312 566 395 593 Miss.
426 575 479 594 ms.
510 566 762 594 Guillermitarum
788 566 1003 599 Parisiensium
1034 572 1110 594 saec.
1139 563 1184 592 14.
1231 563 1302 593 eod.
1332 565 1460 593 Parisin.
1487 561 1554 592 8-34.
1595 547 1645 601 ’Ἴ

237 603 272 631 A.
301 618 337 623 —
367 604 450 631 Miss.
483 606 646 633 Romanum
679 605 748 640 imp.
776 604 909 632 Venetiis
940 601 1021 632 1508.
1047 604 1081 631 B.
1109 618 1147 623 -—
1173 603 1256 631 Miss.
1285 602 1455 632 senonense
1485 603 1555 640 imp.

238 642 404 670 Senonibus
428 641 509 671 1556.
531 643 561 670 C.

547 774 614 805 769.
646 775 695 804 De
715 774 828 805 Beata
847 773 922 806 MV.
945 774 980 804 et
1001 781 1030 805 s.
1053 773 1238 805 Genovefa.

611 859 627 891 1
655 858 736 899 Ave,
763 859 853 898 virgo
879 856 1073 899 christifera,

657 908 736 947 Ave,
763 906 854 946 virgo
881 904 1055 938 Genovefa.

708 953 867 986 Desolatis
893 954 1080 995 succurrite,

708 1002 824 1033 Preces
851 1010 977 1041 semper
1002 1000 1155 1033 effundite

615 1052 633 1081 5
756 1049 817 1081 Dei
842 1050 943 1088 patris
969 1049 1010 1080 ad
1036 1048 1136 1080 filium

755 1097 818 1128 Pro
843 1097 945 1128 salute
970 1095 1123 1128 fidelium.

314 1181 398 1208 Miss.
425 1190 478 1208 ms.
499 1180 783 1216 Saugenovefianum
811 1189 885 1209 saec.
906 1180 963 1214 (13.
986 1179 1042 1215 14.)
1063 1180 1108 1208 15.
1148 1180 1220 1208 eod.
1241 1179 1485 1216 Sangenovefian.
1506 1178 1552 1208 90.

660 1312 726 1342 ΠΟ.
758 1312 807 1342 De
828 1313 949 1342 sancto
971 1311 1122 1343 Godone.

412 1396 535 1437 Pastor,
563 1397 604 1428 ad
631 1397 807 1436 ingressum
834 1396 913 1427 caeli
941 1397 1044 1436 gregis
1070 1398 1156 1436 erige
1181 1406 1337 1439 gressum,

410 1444 453 1476 Ut
479 1443 559 1475 caeli
587 1453 712 1485 cursum
740 1445 901 1483 capiamus
927 1444 1057 1475 aethere
1082 1454 1206 1476 sursum

409 1490 453 1522 Et
477 1491 523 1522 sic
550 1499 724 1532 curramus,
752 1501 813 1531 quo
839 1499 876 1522 eo
902 1495 1005 1523 tecum
1031 1493 1205 1525 veniamus.

239 1574 396 1640 1549181333.
417 1575 603 1611 Lingonense
624 1576 693 1612 imp.
713 1575 815 1602 Trecis
840 1573 920 1603 1520.
942 1577 975 1603 A.
999 1590 1034 1595 —
1055 1577 1138 1604 Miss.
1154 1577 1341 1614 Lingonense
1362 1578 1432 1613 imp.
1450 1577 1551 1605 Trecis

661 1706 727 1737 ΠΙ.
759 1707 950 1738 ΒοἚειιιεῐο
972 1707 1121 1740 Hilario.

241 1789 300 1821 la.
337 1789 482 1822 Gloriose
752 1808 755 1810 -
926 1793 941 1824 1
957 1792 988 1824 b.
1020 1792 1135 1825 Servos
1161 1796 1232 1825 tuos

381 1838 518 1880 praesul,
547 1837 662 1880 Hilari,
1067 1839 1118 1872 fac
1143 1842 1282 1880 operari,

239 1904 298 1936 2a.
334 1903 396 1945 Sic,
423 1907 457 1934 ut
483 1904 576 1935 beata
600 1905 738 1941 trinitas,
922 1908 940 1938 2
957 1907 987 1938 b.
1018 1907 1228 1940 Manifestata
1253 1908 1412 1950 gentibus,

334 1951 430 1984 Cuius
456 1955 503 1982 est
529 1960 588 1990 per
612 1956 643 1984 te
670 1953 787 1984 veritas
1018 1953 1084 1986 Nos
1110 1956 1194 1986 locet
1219 1956 1251 1988 in
1278 1956 1481 1990 caelestibus.

313 2036 397 2064 Miss.
416 2036 603 2064 pictaviense
626 2038 693 2073 imp.
713 2037 838 2065 Parisiis
861 2037 942 2066 1498.
958 2040 992 2066 A.
1008 2054 1044 2057 —
1057 2040 1141 2067 Miss.
1156 2040 1346 2077 Lingonense
1366 2043 1435 2079 imp.
1450 2032 1553 2070 Trecis

240 2072 322 2102 1520.
343 2075 376 2102 B.
397 2089 434 2092 —
453 2073 508 2109 2b,
532 2073 550 2101 2
570 2075 632 2102 Nos
653 2076 732 2102 lucet
752 2076 786 2102 A.

637 2197 702 2227 ΠΒ.
735 2198 783 2228 De
805 2199 924 2229 sancta.
945 2199 1150 2232 Katharina.

468 2282 610 2321 Sponsus
635 2286 719 2314 amat
746 2291 906 2322 sponsam,
933 2285 1075 2316 salvator
1101 2285 1208 2318 visitat
1235 2286 1336 2327 illam,

465 2329 599 2369 Fraglat
624 2331 704 2362 odor
731 2330 842 2369 dulcis,
871 2332 950 2363 caeli
977 2332 1053 2364 dant
1079 2334 1206 2375 agmina
1232 2334 1355 2369 laudes,

313 2415 398 2442 Miss.
419 2414 695 2443 Fontisebraldense
717 2415 787 2450 imp.
807 2416 932 2445 Parisiis
958 2415 1039 2445 1606.
1062 2435 1096 2439 —
1119 2417 1137 2447 2
1157 2419 1286 2457 Flagrat.
