1653 2689
301 212 357 246 10.

300 299 356 333 11.

302 386 357 420 12.

301 472 355 506 13.

302 558 363 593 14,-

299 644 355 678 15.

300 779 356 812 16.

299 866 353 899 17.

300 953 355 986 18.

297 1078 352 1110 19.

296 1163 350 1196 20.

299 1250 354 1283 21.

295 1337 351 1370 22.

295 1471 350 1504 23.

584 136 648 159 7-
699 118 766 154 177
818 137 862 143 -

395 212 529 255 Hagios,
555 214 695 257 Adonai,

458 257 671 296 Admirabilis,

396 299 595 340 Redemptor
619 302 741 344 mundi,

459 344 666 376 Consiliarius

398 386 534 419 Suorum
559 386 777 429 fidelissimus,

459 431 544 460 Deus

398 473 515 514 Verax,
541 478 702 514 aeternus,

461 517 568 548 Fortis

398 558 593 592 Daemonum
619 560 843 602 triumphator,

458 603 551 633 Pater
570 606 672 641 futuri
693 606 816 640 saeculi,

395 645 463 684 Quo
490 645 530 678 de
556 647 699 685 praemio
724 648 828 679 securi

392 693 584 734 Regnabunt
609 695 722 734 sancti,

460 738 610 776 Princeps

395 779 493 812 Pacis
520 784 696 820 perpetuae
722 778 741 797 *
769 781 885 821 quietis
911 787 1072 814 aeternae.

456 824 718 862 Multiplicabitur
738 826 803 855 esus
825 827 994 862 imperium,

393 866 483 905 Quod
510 867 578 898 sine
604 872 689 899 meta
717 864 735 883 *
762 869 902 899 manebit
929 869 1077 907 solidum,

457 914 483 939 et
501 912 591 948 pacis
611 921 674 941 non
696 913 751 942 erit
770 913 842 948 finis

393 951 464 984 Nec
489 953 643 985 terminus
669 954 771 991 ullus;

457 1006 549 1034 super
570 998 679 1027 solium
701 998 802 1028 David

455 1038 481 1064 et
503 1044 594 1072 super
615 1046 741 1074 reynum¹
761 1037 825 1065 eius
848 1037 966 1072 sedebit,

391 1077 488 1110 Cuius
516 1082 658 1116 potestas
687 1075 704 1094 *
731 1076 955 1120 (per)aeterna
981 1078 1109 1120 vigebit,

455 1124 489 1150 ut
510 1122 662 1159 confirmet
683 1123 760 1151 illud

392 1164 466 1196 Iure
491 1167 649 1203 perpetuo

457 1210 483 1237 et
502 1208 673 1237 corroboret
693 1209 725 1237 *in
748 1208 862 1237 iudicio

395 1250 578 1290 Aequitatis
607 1247 625 1266 *
653 1254 685 1281 et
711 1249 909 1282 fortitudinis

456 1297 481 1323 et
503 1294 633 1330 iustitia,

397 1335 460 1367 Per
483 1345 577 1376 quam
604 1336 707 1376 patris
732 1336 846 1376 sophia

393 1383 546 1424 Disponit
571 1384 677 1415 omnia

455 1427 564 1458 amodo
582 1431 608 1457 et
629 1438 723 1465 usque
744 1429 777 1457 in
798 1429 1027 1465 sempiternum,-

390 1470 534 1510 Regnum
561 1470 650 1502 illius
679 1467 697 1485 *
725 1470 888 1510 capiamus
916 1479 1098 1510 supernum.

143 1564 230 1600 Trop.
253 1568 281 1592 et
301 1565 418 1592 Prosar.
440 1574 492 1591 ms.
515 1564 757 1592 claromontense
779 1573 855 1592 saec,
880 1562 922 1591 15.
959 1566 1027 1592 Cod.
1043 1566 1259 1593 Claromonten.
1283 1564 1327 1592 57.
1350 1580 1386 1586 --

67 1601 92 1636 6,
116 1602 130 1630 1
152 1604 212 1630 iam
233 1602 313 1630 fehlt.
335 1617 372 1622 —
394 1601 427 1630 21
452 1604 604 1638 Aequitas.
626 1617 664 1621 -—
684 1603 726 1630 Es
748 1604 786 1630 ist
808 1602 1048 1635 beachtenswert,
1071 1601 1136 1631 dass
1159 1605 1189 1631 in
1211 1604 1265 1631 den
1288 1608 1385 1632 ersten

66 1641 213 1677 Strophen
233 1641 281 1669 (lie
306 1641 409 1668 VVorte
430 1641 481 1668 der
502 1643 663 1677 tropierten
684 1641 801 1677 Epistel
823 1642 966 1669 teilweise
987 1651 1038 1669 zur
1053 1642 1261 1678 Reimbildung
1283 1644 1314 1669 in
1338 1643 1386 1671 die

62 1680 267 1716 tropierenden
283 1681 374 1707 Verse
395 1680 576 1716 einbezogen
597 1680 672 1712 sind,
694 1680 753 1707 und
774 1680 839 1707 dass
861 1682 960 1716 spbiter
975 1680 1025 1708 der
1041 1681 1224 1716 tropierende
1240 1681 1316 1709 Text
1333 1684 1386 1709 mit

62 1718 127 1746 dem
148 1718 243 1746 Texte
269 1719 320 1746 der
341 1718 456 1754 Epistel
483 1718 679 1746 reimbildend
707 1719 868 1752 erscheint;
899 1728 945 1746 aui
974 1719 1170 1747 deutlichsten
1198 1722 1262 1747 tritt
1288 1720 1385 1748 dieses

61 1757 169 1784 hervor
194 1757 342 1785 zwischen
373 1755 422 1790 16,
451 1755 469 1783 2
497 1757 555 1784 und
587 1755 634 1789 17,
666 1757 695 1789 13
728 1755 775 1790 18,
803 1756 820 1784 3
848 1758 907 1784 und
936 1757 986 1790 19,
1017 1758 1046 1789 1;
1075 1756 1125 1790 22,
1154 1757 1171 1785 3
1200 1758 1258 1785 und
1280 1756 1324 1785 23.
1349 1774 1383 1778 —

61 1795 187 1832 Strophe
209 1795 222 1823 1
247 1797 327 1832 zeigt
339 1796 475 1831 gleichen
491 1796 555 1822 Bau
570 1797 626 1823 wie
647 1796 793 1823 Laudes
814 1797 892 1824 Deo
912 1796 974 1830 (Nr.
990 1794 1064 1829 383),
1080 1806 1135 1823 nur
1151 1798 1187 1824 ist
1203 1799 1245 1823 sie
1260 1797 1382 1831 kiirzer;

60 1834 124 1862 hier
152 1835 207 1862 wie
235 1834 303 1862 dort
326 1836 365 1862 ist
385 1834 438 1861 das
461 1834 639 1862 einleitende
663 1834 819 1870 Versglied
838 1833 1025 1870 („Gloriosa“
1051 1835 1109 1863 und
1134 1836 1266 1869 „Laudes
1289 1834 1385 1870 Deo&

59 1873 242 1908 rhythmisch
271 1873 376 1901 anders
399 1882 566 1909 gemessen,
595 1873 640 1900 als
661 1873 708 1900 die
731 1878 806 1901 erste
828 1873 985 1901 Halbzeile
1006 1874 1058 1902 der
1078 1874 1203 1910 iibrigen
1224 1874 1323 1902 Verse.
1347 1889 1383 1894 —

60 1912 153 1940 Tite1:
178 1912 230 1948 „In
251 1920 329 1940 novo
350 1920 427 1939 anuo
449 1910 603 1947 epistola‘''.

422 2064 492 2096 387.
524 2065 562 2095 In
585 2064 850 2096 circumcisione
871 2065 1019 2096 Domini.

501 2160 603 2192 Lectio
624 2163 768 2199 epistolae
788 2162 867 2192 beati
886 2161 984 2192 Pauli
1003 2163 1144 2199 apostoli,

365 2230 372 2237 .
413 2203 510 2237 Cuius
537 2203 626 2235 caelo
653 2204 798 2237 doctrina
824 2213 900 2237 vera

412 2251 567 2284 sublevat
592 2253 728 2292 populos
755 2252 794 2284 de
820 2256 918 2293 terra,

489 2295 530 2325 ad
546 2295 656 2332 Titum,

411 2337 511 2377 Quem
537 2336 624 2370 Deus
649 2347 707 2378 per
732 2339 912 2379 apostolum

411 2385 587 2419 Constituit
611 2386 808 2429 episcopum,

489 2429 663 2466 Carissime‚

112 2485 244 2514 Blume,
259 2484 340 2515 Tropi
357 2483 510 2508 Gra-duales
527 2482 565 2506 11.
1171 2481 1206 2511 12
