1653 2689
775 152 916 187 —98
967 123 1023 176 -’

669 275 738 306 204.
769 275 806 305 ln
827 273 939 304 saneti
959 273 1125 322 emh-eae.

373 347 402 380 1.
431 347 519 380 Caeli
545 348 712 386 primatem
740 344 820 375 caeli
845 343 931 375 colat
955 342 1028 374 aula
1053 344 1204 382 potenter

490 394 663 431 Andriam,
690 391 825 424 Domino
851 390 957 422 cordis
982 397 1090 421 amore
1116 397 1251 423 canens:

578 437 658 466 Mihi
679 439 776 464 autem
799 435 892 463 nimis
912 433 1055 468 honorati
1074 436 1156 468 sunt,

373 481 406 513 2.
432 480 551 520 Magna
576 477 683 510 ferunt
709 477 748 509 de
773 481 805 507 te
831 475 883 516 qui
909 475 1000 506 nobis
1025 483 1157 506 munera
1183 473 1280 514 vitae,

579 523 669 551 (unici
688 522 742 555 tui,
763 520 858 555 Deus,

370 566 402 597 3.
428 565 477 597 Ex
505 564 617 603 quibus
644 563 694 593 hic
717 562 813 593 hodie
837 561 986 593 Andreas
1011 560 1065 591 lux
1092 559 1193 599 fulget
1217 567 1368 600 amoena3

579 608 671 635 nimis
693 608 882 642 confortatus
903 608 945 633 est
962 605 1158 641 principatus
1179 612 1288 633 eorum.

314 678 400 712 Trop.
423 687 474 704 ms.
496 678 524 703 S.
547 676 658 703 Arnulfi
680 675 821 702 Metensis
845 682 919 701 ¹saec.
942 671 986 700 12.
1008 675 1048 700 in.
1088 669 1160 700 Cod.
1180 672 1288 699 Meten.
1311 668 1377 698 452.

686 807 754 837 205.
784 807 821 835 ln
843 806 952 836 sancti
974 805 1102 835 Atedii.

375 889 405 920 1.
433 887 567 922 Emicat,
596 896 679 927 ecce,
708 887 775 917 (lies
802 885 984 917 veneranda
1009 885 1111 924 patris
1137 884 1260 925 Aredii,

434 935 581 974 Implevit
609 935 660 973 qui
687 935 773 965 iussa
798 933 859 965 Dei
884 937 1021 964 testante
1047 933 1222 973 propheta:

506 979 547 1008 Os
568 979 641 1007 iusti
662 978 852 1007 meditabitur
874 978 1066 1014 sapientiam,

376 1023 406 1054 2.
433 1021 580 1053 Moribus
606 1025 637 1050 et
662 1021 726 1051 vita
754 1024 820 1050 toto
846 1019 987 1058 pollebat
1012 1019 1044 1049 in
1071 1018 1157 1060 orbe,

504 1068 529 1093 et
551 1065 655 1101 linqua
677 1064 741 1092 eius
762 1064 896 1100 loquetur
918 1063 1078 1096 iudicium,-

375 1107 406 1138 3.
432 1106 572 1138 Aredius
598 1106 680 1136 iuste
708 1105 821 1138 dictus.
848 1105 920 1144 quia
947 1113 1072 1145 semper
1098 1103 1234 1135 inhaesit

505 1151 552 1179 Iecr
571 1149 632 1178 Dei
650 1151 712 1178 eius
736 1150 765 1177 in
789 1149 876 1177 corde
897 1149 1005 1186 ipsius.

374 1192 406 1224 4.
435 1192 558 1223 Cernua
585 1192 749 1231 depromat
777 1190 993 1222 modulamina
1018 1194 1127 1223 nostra
1153 1191 1281 1219 caterva

435 1240 471 1270 In
496 1239 598 1278 patris
625 1248 661 1269 ae
686 1239 752 1269 nati
778 1238 949 1277 praeconia
975 1237 1110 1270 flaminis
1136 1240 1248 1274 atque:

505 1282 611 1312 Gloria
629 1284 713 1319 patri
733 1285 758 1311 et
780 1283 842 1318 filio
863 1286 887 1310 ct
909 1282 1035 1318 spiritui
1057 1283 1169 1310 sancto.

315 1351 404 1386 Trop.
425 1361 478 1379 ms.
501 1352 530 1378 S.
550 1351 649 1378 Atedii
672 1352 891 1378 Lemovicensis
913 1359 988 1377 saec.
1013 1349 1055 1376 ll.
1097 1349 1167 1376 eod.
1188 1350 1315 1376 Parisin.
1337 1347 1402 1376 903.

683 1482 751 1512 2015.
784 1483 820 1511 ln
843 1482 952 1511 sancti
973 1482 1099 1511 Atedii.

410 1562 439 1596 1.
466 1562 582 1594 Inclita
607 1561 755 1592 Davidici
783 1561 952 1600 praeconia
978 1561 1127 1592 carminis
1153 1570 1261 1592 omnes

468 1610 504 1640 In
530 1609 631 1648 patris
660 1609 770 1640 Aredii
796 1609 963 1639 iubilemus
989 1609 1083 1639 laude
1110 1607 1263 1641 fatentes:

545 1653 585 1682 Os
608 1654 681 1681 iusti
700 1653 891 1681 meditabitur
912 1653 1108 1689 sambutinum

408 1695 439 1727 2.
467 1695 617 1727 Coetibus
642 1694 794 1733 angelicis
820 1695 1003 1725 coniunctus
1029 1694 1060 1725 in
1087 1694 1218 1726 aethera
1243 1698 1363 1735 regnat,

542 1742 567 1767 et
589 1739 693 1774 linqua
715 1739 780 1767 eius
800 1739 935 1775 loquetur
958 1738 1117 1772 iudiffl'unz;

407 1781 438 1812 ³23.
465 1780 599 1812 Munere
626 1780 733 1811 divino
760 1784 865 1812 careat
892 1789 931 1811 ne
958 1779 1040 1811 forte
1066 1789 1125 1819 per
1149 1789 1240 1819 aeon,

541 1825 587 1854 lese
608 1824 667 1853 Dei
686 1825 750 1853 eius
772 1825 801 1853 in
825 1824 911 1853 corde
933 1825 1041 1860 ipsias.

313 1893 399 1928 Trop.
427 1903 478 1920 ms.
506 1894 534 1920 S.
562 1893 662 1920 Atedii
688 1894 907 1920 Lemovicensis
933 1902 1008 1920 saec.
1038 1892 1082 1920 11.
1123 1894 1192 1921 Cod.
1221 1894 1346 1922 Parisin.
1374 1893 1439 1923 903.
1470 1911 1505 1915 —
1534 1895 1548 1923 l

239 1931 390 1958 Davidica.
412 1946 447 1950 -
469 1931 487 1958 4
508 1941 558 1967 pei·
579 1941 653 1958 eum.

679 2026 747 2055 207.
781 2026 818 2055 In
840 2026 951 2055 sancti
972 2027 1097 2057 Areclii.

323 2106 354 2137 1.
382 2104 599 2145 Christicolae,
627 2105 756 2136 laudum
785 2106 928 2137 modulos
955 2115 1037 2137 nune
1061 2107 1189 2146 pangite
1213 2107 1351 2149 Christo,

381 2153 478 2192 Quem
506 2162 596 2184 sacer
621 2153 760 2184 Aredius
784 2154 897 2184 meruit
923 2153 1094 2192 splendore
1120 2163 1250 2186 corusco

383 2199 520 2232 Cernere
547 2201 761 2232 conscendens
788 2202 882 2232 hodie
907 2211 1004 2240 super
1028 2206 1114 2233 astra
1141 2203 1296 2242 polorum.

382 2247 448 2280 Nos
473 2258 597 2288 quoque
622 2249 859 2290 psalmographi
886 2258 1013 2280 carmen
1040 2251 1237 2282 modulemus
1261 2254 1412 2284 ovantes:

473 2293 514 2322 Os
537 2294 610 2322 iusti
630 2293 820 2322 meditabitur
841 2295 1020 2330 sapientiam
1042 2298 1093 2324 ete.

324 2335 356 2366 2.
384 2333 534 2366 Carmina
558 2335 619 2366 iam
646 2335 777 2366 reboent
803 2335 904 2374 lyrico
931 2336 1018 2375 prius
1044 2337 1131 2369 edita
1156 2337 1297 2377 plectro:

472 2378 546 2408 Noli
567 2380 714 2409 aemulari
734 2381 764 2408 in
787 2380 1023 2418 nwliqnanmbus
1046 2384 1095 2411 etc.

314 2447 401 2484 Trop.
423 2458 475 2476 ms.
496 2450 525 2476 S.
549 2449 647 2476 Aredii
668 2449 889 2476 Lemovicensis
909 2458 984 2477 saec.
1008 2449 1051 2477 11.
1093 2450 1162 2478 cod.
1183 2451 1311 2479 Parisin.
1331 2450 1397 2481 903.
